@article{Balas-Sim2001,
 title = {Linear Time Dynamic-Programming Algorithms for New Classes of Restricted {TSPs}: A Computational Study},
 author={Balas, Egon and Simonetti, Neils},
 journal = {INFORMS J. on Computing},
 volume = {13},
 number = {1},
 month = feb,
 year = {2001},
 issn = {1526-5528},
 pages = {56--75},
 numpages = {20},
 url = {http://dx.doi.org/10.1287/ijoc.13.1.56.9748},
 doi = {10.1287/ijoc.13.1.56.9748},
 acmid = {2748927},
 publisher = {INFORMS},
 address = {Institute for Operations Research and the Management Sciences (INFORMS), Linthicum, Maryland, USA},
 keywords = {Algorithms, Complexity, Dynamic Programming, Heuristics, Traveling Salesman Problem, Vehicle Routing},
 key = {{$\!\!$}} ,
}

@article{BurDei_1998,
	author={Burkard, R.E. and Deineko, V.G.},
	title={On the {Traveling} {Salesman} {Problem} with a Relaxed {Monge} Matrix},
	journal={Inf. Process. Lett.},
	year={1998},
	volume={67},
	number = {5},
	pages = {231--237},
}

@article{Baki2006,
title = {A new asymmetric pyramidally solvable class of the traveling salesman problem},
journal = {Operations Research Letters},
volume = {34},
number = {6},
pages = {613 - 620},
year = {2006},
note = {},
issn = {0167-6377},
doi = {http://dx.doi.org/10.1016/j.orl.2005.12.001},
url = {http://www.sciencedirect.com/science/article/pii/S0167637706000022},
author = {Baki, Mohammed Fazle},
keywords = {Traveling salesman problem},
keywords = {Pyramidal tour},
keywords = {Polynomial time algorithm}
}

@article{BakKab_1999,
	author={Baki, M.F. and Kabadi, S.N.},
	title={Pyramidal {Traveling} {Salesman} {Problem}},
	journal={Computers \& Operations Research},
	year={1999},
	volume={26},
	number = {4},
	pages = {353--369},
}

@article{KhN_AIP2,
	author={Khachay, M. and Neznakhina, K.},
	title={Towards a {PTAS} for the generalized {TSP} in grid cluster},
	journal={AIP Conf. Proceedings},
	year={2016},
	volume={1776},
	number = {1},
	pages = {050003},
	isbn = {9780735414389}, 
	doi={10.1063/1.4965324},
	url={http://dx.doi.org/10.1063/1.4965324}
}

@book{Pan2013,
	Author = {Pardalos, P. and Du, D. and Graham, R.},
	Date-Added = {2017-07-21 09:47:19 +0000},
	Date-Modified = {2017-07-21 09:47:19 +0000},
	Publisher = {Springer},
	Title = {Handbook of Combinatorial Optimization},
	Year = {2013},
	Isbn =  {978-1-4419-7996-4}
	}
	
@article{KhNez2014,
	Author = {Khachay, M. and Neznakhina, K.},
	Date-Added = {2015-10-31 10:12:19 +0000},
	Date-Modified = {2015-10-31 10:15:54 +0000},
	Journal = {Croation Operational Research Review},
	Number = {1},
	Pages = {177--188},
	Title = {Approximation of {Euclidean} k-size cycle cover problem},
	Volume = {5},
	Year = {2014}}

@article{KhN2015-2,
	author={Khachay, M. and Neznakhina, K.},
	title={Approximability of the {Minimum}-{Weight} k-{Size} {Cycle} {Cover} {Problem}},
	journal={Journal of Global Optimization},
	year={2016},
	volume={66},
	issue={1},
	number={1},
	pages={65--82},
	issn={1573--2916},
	doi={10.1007/s10898-015-0391-3},
	url={http://dx.doi.org/10.1007/s10898-015-0391-3}
}	

@article{CV1995,
	Author = {Cortes, C. and Vapnik, V.},
	Date-Added = {2015-10-31 09:47:19 +0000},
	Date-Modified = {2015-10-31 09:47:19 +0000},
	Doi = {10.1007/bf00994018},
	Issne = {1573-0565},
	Issnp = {0885-6125},
	Issue = {3},
	Journal = {Machine Learning},
	Pages = {273--297},
	Publisher = {Springer},
	Title = {Support-Vector Networks},
	Volume = {20},
	Year = {1995},
}

@book{N1965,
	Author = {Nilsson, N.J.},
	Date-Added = {2015-10-31 09:47:19 +0000},
	Date-Modified = {2015-10-31 09:47:19 +0000},
	Publisher = {New York: McGraw-Hill},
	Title = {Learning Machines: Foundations of Trainable Pattern Classifying Systems},
	Year = {1965}}

@article{AK1965,
	Author = {Ablow, C.; Kaylor, D.},
	Date-Added = {2015-10-31 09:47:19 +0000},
	Date-Modified = {2015-10-31 09:47:19 +0000},
	Doi = {10.1109/tit.1965.1053785},
	Issne = {1557-9654},
	Issnp = {0018-9448},
	Issue = {3},
	Journal = {IEEE Transactions on Information Theory},
	Pages = {453--455},
	Publisher = {IEEE},
	Title = {A Committee Solution of the Pattern Recognition Problem (Corresp.)},
	Volume = {11},
	Year = {1965}
	}

@book{EMA1983,
	Author = {Eremin, I. and Mazurov, Vl. and Astafiev, N.},
	Date-Added = {2015-10-31 09:47:19 +0000},
	Date-Modified = {2015-10-31 09:47:19 +0000},
	Publisher = {Nauka, Moscow},
	Title = {Improper Linear and Convex Programming Problems},
	Year = {1983}}

@book{M1990,
	Author = {Mazurov, Vl.},
	Date-Added = {2015-10-31 09:47:19 +0000},
	Date-Modified = {2015-10-31 09:47:19 +0000},
	Publisher = {Nauka, Moscow},
	Title = {Committee Method in Problems of Optimization and Classification},
	Year = {1990}}

@article{KMR2002,
	Author = {Khachai, M.Yu. and Mazurov, Vl.D. and Rybin, A.I.},
	Date-Added = {2015-10-31 09:47:19 +0000},
	Date-Modified = {2015-10-31 09:47:19 +0000},
	Journal = {Proc. Steklov Institute Math},
	Number = {1},
	Pages = {S67--S101},
	Title = {Committee constructions for solving problems of selection, diagnostics, and prediction},
	Year = {2002}}

@article{MK2004,
	Author = {Mazurov, Vl. and Khachai, M.},
	Date-Added = {2015-10-31 09:47:19 +0000},
	Date-Modified = {2015-10-31 09:47:19 +0000},
	Doi = {10.1023/b:aurc.0000014716.77510.61},
	Issne = {1608-3032},
	Issnp = {0005-1179},
	Issue = {2},
	Journal = {Automation and Remote Control},
	Pages = {193--203},
	Publisher = {SP MAIK Nauka/Interperiodica},
	Title = {Committees of Systems of Linear Inequalities},
	Volume = {65},
	Year = {2004},
	}
	
@article{MK2007,
	Author = {Mazurov, Vl. and Khachai, M.},
	Date-Added = {2015-10-31 09:47:19 +0000},
	Date-Modified = {2015-10-31 09:47:19 +0000},
	Doi = {10.1134/s0005117907050165},
	Issne = {1608-3032},
	Issnp = {0005-1179},
	Issue = {5},
	Journal = {Automation and Remote Control},
	Pages = {912--921},
	Publisher = {SP MAIK Nauka/Interperiodica},
	Title = {Parallel computations and committee constructions},
	Volume = {68},
	Year = {2007}
	}
	
@article{Kob2012,
	Author = {Kobylkin, K.},
	Date-Added = {2015-10-31 09:47:19 +0000},
	Date-Modified = {2015-10-31 09:47:19 +0000},
	Doi = {10.1134/s0005117912020130},
	Issne = {1608-3032},
	Issnp = {0005-1179},
	Issue = {2},
	Journal = {Automation and Remote Control},
	Pages = {355--368},
	Publisher = {SP MAIK Nauka/Interperiodica},
	Title = {Constraint elimination method for the committee problem},
	Volume = {73},
	Year = {2012}
	}
	
@article{LW1994,
	Author = {Littlestone, N. and Warmuth, M.},
	Date-Added = {2015-10-31 09:47:19 +0000},
	Date-Modified = {2015-10-31 09:47:19 +0000},
	Doi = {10.1006/inco.1994.1009},
	Issne = {1090-2651},
	Issnp = {0890-5401},
	Issue = {2},
	Journal = {Information and Computation},
	Pages = {212--261},
	Publisher = {Elsevier Science},
	Title = {The Weighted Majority Algorithm},
	Volume = {108},
	Year = {1994}
	}
	
@article{Fr1995,
	Author = {Freund, Y.},
	Date-Added = {2015-10-31 09:47:19 +0000},
	Date-Modified = {2015-10-31 09:47:19 +0000},
	Doi = {10.1006/inco.1995.1136},
	Issne = {1090-2651},
	Issnp = {0890-5401},
	Issue = {2},
	Journal = {Information and Computation},
	Pages = {256--285},
	Publisher = {Elsevier Science},
	Title = {Boosting a Weak Learning Algorithm by Majority},
	Volume = {121},
	Year = {1995}
	}
	
@book{el1985,
	Author = {Elster, KH and Reinhardt, R and Sch{\"a}uble, M and Donath, G},
	Date-Added = {2015-10-31 09:47:19 +0000},
	Date-Modified = {2015-10-31 09:47:19 +0000},
	Publisher = {BSB BG Teubner Verlagsgesellschaft Leipzig},
	Title = {Einf{\"u}hrung in die nichtlineare Optimierung, volume 63 of Mathematisch--Naturwissenschaftliche Bibliothek},
	Year = {1977}}

@article{AS1998,
	Author = {Arora, S. and Safra, S.},
	Date-Added = {2015-10-31 09:47:19 +0000},
	Date-Modified = {2015-10-31 09:47:19 +0000},
	Day = {1},
	Doi = {10.1145/273865.273901},
	Issnp = {0004-5411},
	Issue = {1},
	Journal = {Journal of the ACM},
	Month = {1},
	Pages = {70--122},
	Publisher = {Association for Computing Machinery},
	Title = {Probabilistic checking of proofs: a new characterization of {{NP}}},
	Volume = {45},
	Year = {1998}
	}

	
@book{boyd2009,
	Author = {Boyd, S. and Vandenberghe, L.},
	Date-Added = {2015-10-31 09:47:19 +0000},
	Date-Modified = {2015-10-31 09:47:19 +0000},
	Publisher = {Cambridge University Press},
	Title = {Convex Optimization},
	Year = {2009}
}

@article{BR1992,
	Author = {Blum, A. and Rivest, R},
	Date-Added = {2015-10-31 09:47:19 +0000},
	Date-Modified = {2015-10-31 09:47:19 +0000},
	Doi = {10.1016/s0893-6080(05)80010-3},
	Issnp = {0893-6080},
	Issue = {1},
	Journal = {Neural Networks},
	Pages = {117--127},
	Publisher = {Elsevier Science},
	Title = {Training a 3-node neural network is {NP}-complete},
	Volume = {5},
	Year = {1992}
	}
	
@article{LV1991,
	Author = {Lin, J. and Vitter, J.},
	Date-Added = {2015-10-31 09:47:19 +0000},
	Date-Modified = {2015-10-31 09:47:19 +0000},
	Doi = {10.1007/bf00114777},
	Issnp = {0885-6125},
	Issue = {3},
	Journal = {Machine Learning},
	Pages = {211--230},
	Publisher = {Springer-Verlag},
	Title = {Complexity results on learning by neural nets},
	Volume = {6},
	Year = {1991}
	}
	
@article{MgT1982,
	Author = {Megiddo, N. and Tamir, A.},
	Date-Added = {2015-10-31 09:47:19 +0000},
	Date-Modified = {2015-10-31 09:47:19 +0000},
	Issue = {1},
	Journal = {Operations Research Letters},
	Pages = {194--197},
	Title = {On the complexity of locating linear facilities in the plane},
	Volume = {5},
	Year = {1982}}

@article{Mg1988,
	Author = {Megiddo, N.},
	Date-Added = {2015-10-31 09:47:19 +0000},
	Date-Modified = {2015-10-31 09:47:19 +0000},
	Journal = {Discrete and Computational Geometry},
	Pages = {325--337},
	Title = {On the complexity of polyhedral separability},
	Volume = {3},
	Year = {1988}}

@article{F1998,
	Author = {Feige, U.},
	Date-Added = {2015-10-31 09:47:19 +0000},
	Date-Modified = {2015-10-31 09:47:19 +0000},
	Issue = {4},
	Journal = {Journal of the ACM},
	Title = {Threshold of $\ln n$ for approximating set cover},
	Volume = {45},
	Year = {1998}}

@inproceedings{DRS2002,
	Author = {Dinur, I. and Regev, O. and Smyth, C},
	Booktitle = {Proc. of the 43rd Annual IEEE Symposium on Founations of Computer Science},
	Date-Added = {2015-10-31 09:47:19 +0000},
	Date-Modified = {2015-10-31 09:47:19 +0000},
	Title = {The hardness of 3-uniform hypergraph coloring},
	Year = {2002}}

@article{G2004,
	Author = {Guruswami, V.},
	Date-Added = {2015-10-31 09:47:19 +0000},
	Date-Modified = {2015-10-31 09:47:19 +0000},
	Journal = {Algorithmica},
	Pages = {451--469},
	Title = {Inapproximability results for set splitting and satisfiability problems with no mixed clauses},
	Volume = {38},
	Year = {2004}}

@article{Br1996,
	Acmid = {231989},
	Address = {Hingham, MA, USA},
	Author = {Breiman, L.},
	Date-Added = {2015-10-31 09:47:19 +0000},
	Date-Modified = {2015-10-31 09:47:19 +0000},
	Doi = {10.1023/A:1018054314350},
	Issn = {0885-6125},
	Issue = {2},
	Journal = {Machine Learning},
	Keywords = {aggregation, averaging, bootstrap, combining},
	Number = {2},
	Numpages = {18},
	Pages = {123--140},
	Publisher = {Kluwer Academic Publishers},
	Title = {Bagging Predictors},
	Volume = {24},
	Year = {1996}
	}
	
@article{Br2001,
	Author = {Breiman, L.},
	Date-Added = {2015-10-31 09:47:19 +0000},
	Date-Modified = {2015-10-31 09:47:19 +0000},
	Doi = {10.1023/a:1017934522171},
	Issne = {1573-0565},
	Issnp = {0885-6125},
	Issue = {3},
	Journal = {Machine Learning},
	Pages = {261--277},
	Publisher = {Springer Verlag},
	Title = {Using Iterated Bagging to Debias Regressions},
	Volume = {45},
	Year = {2001}
	}
	
@article{Sch1990,
	Author = {Schapire, R.},
	Date-Added = {2015-10-31 09:47:19 +0000},
	Date-Modified = {2015-10-31 09:47:19 +0000},
	Journal = {Machine learning},
	Number = {2},
	Pages = {197--227},
	Publisher = {Springer Verlag},
	Title = {The strength of weak learnability},
	Volume = {5},
	Year = {1990}}

@book{ShS2002,
	Author = {Sch{\"o}lkopf, B. and Smola, A.},
	Date-Added = {2015-10-31 09:47:19 +0000},
	Date-Modified = {2015-10-31 09:47:19 +0000},
	Publisher = {MIT press},
	Title = {Learning with kernels: support vector machines, regularization, optimization, and beyond},
	Year = {2002}}

@article{HSS2008,
	Ajournal = {Ann. Statist.},
	Author = {Hofmann, Th. and Sch{\"o}lkopf, B. and Smola, A.},
	Date-Added = {2015-10-31 09:47:19 +0000},
	Date-Modified = {2015-10-31 09:47:19 +0000},
	Doi = {10.1214/009053607000000677},
	Issue = {3},
	Journal = {The Annals of Statistics},
	Month = {06},
	Number = {3},
	Pages = {1171--1220},
	Publisher = {The Institute of Mathematical Statistics},
	Title = {Kernel methods in machine learning},
	Volume = {36},
	Year = {2008}
	}
	
@article{Kh2007JMMA,
	Author = {Khachay, M.},
	Date-Added = {2015-10-31 09:47:19 +0000},
	Date-Modified = {2015-10-31 09:47:19 +0000},
	Journal = {Journal of Mathematical Modelling and Algorithms},
	Number = {4},
	Pages = {547--561},
	Publisher = {Springer},
	Title = {On the Computational Complexity of the Minimum Committee Problem},
	Volume = {6},
	Year = {2007}}

@inproceedings{Fahmy2014,
	Author = {Fahmy, M.F. and Thabet, M.A.},
	Booktitle = {Radio Science Conference (NRSC), 2014 31st National},
	Date-Added = {2015-10-31 09:47:19 +0000},
	Date-Modified = {2015-10-31 09:47:19 +0000},
	Pages = {142-149},
	Title = {A novel scheme for fingerprint enhancement},
	Year = {2014}}

@article{Sherlock1993,
	Author = {Sherlock, B.G. and Monro, D.M.},
	Date-Added = {2015-10-31 09:47:19 +0000},
	Date-Modified = {2015-10-31 09:47:19 +0000},
	Journal = {Pattern Recognition},
	Number = {7},
	Pages = {1047 - 1055},
	Title = {A model for interpreting fingerprint topology},
	Volume = {26},
	Year = {1993}}

@article{Bartunek2013,
	Author = {Bartunek, J.S. and Nilsson, M. and Sallberg, B. and Claesson, I.},
	Date-Added = {2015-10-31 09:47:19 +0000},
	Date-Modified = {2015-10-31 09:47:19 +0000},
	Journal = {Image Processing, IEEE Transactions on},
	Number = {2},
	Pages = {644-656},
	Title = {Adaptive Fingerprint Image Enhancement With Emphasis on Preprocessing of Data},
	Volume = {22},
	Year = {2013}}

@article{Bazen2002,
	Author = {Bazen, A.M. and Gerez, S.H.},
	Date-Added = {2015-10-31 09:47:19 +0000},
	Date-Modified = {2015-10-31 09:47:19 +0000},
	Journal = {Pattern Analysis and Machine Intelligence, IEEE Transactions on},
	Month = {Jul},
	Number = {7},
	Pages = {905-919},
	Title = {Systematic methods for the computation of the directional fields and singular points of fingerprints},
	Volume = {24},
	Year = {2002}}

@article{Ryu2011,
	Author = {Choonwoo, Ryu and Seong, G. Kong and Hakil, Kim},
	Date-Added = {2015-10-31 09:47:19 +0000},
	Date-Modified = {2015-10-31 09:47:19 +0000},
	Journal = {Pattern Recognition Letters},
	Number = {2},
	Pages = {107 - 113},
	Title = {Enhancement of feature extraction for low-quality fingerprint images using stochastic resonance},
	Volume = {32},
	Year = {2011}}

@article{Yun2006,
	Author = {Eun-Kyung, Yun and Sung-Bae, Cho},
	Date-Added = {2015-10-31 09:47:19 +0000},
	Date-Modified = {2015-10-31 09:47:19 +0000},
	Journal = {Image and Vision Computing},
	Number = {1},
	Pages = {101 - 110},
	Title = {Adaptive fingerprint image enhancement with fingerprint image quality analysis},
	Volume = {24},
	Year = {2006}}

@article{Feng2013,
	Author = {Feng, Jianjiang and Zhou, Jie and Jain, A.K.},
	Date-Added = {2015-10-31 09:47:19 +0000},
	Date-Modified = {2015-10-31 09:47:19 +0000},
	Journal = {Pattern Analysis and Machine Intelligence, IEEE Transactions on},
	Month = {April},
	Number = {4},
	Pages = {925-940},
	Title = {Orientation Field Estimation for Latent Fingerprint Enhancement},
	Volume = {35},
	Year = {2013}}

@article{Kass1987,
	Author = {Kass, Michael and Witkin, Andrew},
	Date-Added = {2015-10-31 09:47:19 +0000},
	Date-Modified = {2015-10-31 09:47:19 +0000},
	Journal = {Computer Vision, Graphics, and Image Processing},
	Number = {3},
	Pages = {362 - 385},
	Title = {Analyzing oriented patterns},
	Volume = {37},
	Year = {1987}}

@article{Gott2012,
	Author = {Gottschlich, C.},
	Date-Added = {2015-10-31 09:47:19 +0000},
	Date-Modified = {2015-10-31 09:47:19 +0000},
	Journal = {Image Processing, IEEE Transactions on},
	Month = {April},
	Number = {4},
	Pages = {2220-2227},
	Title = {Curved-Region-Based Ridge Frequency Estimation and Curved Gabor Filters for Fingerprint Image Enhancement},
	Volume = {21},
	Year = {2012}}

@article{Hasan2013,
	Author = {Hasan, Haitham and Abdul-Kareem, S.},
	Date-Added = {2015-10-31 09:47:19 +0000},
	Date-Modified = {2015-10-31 09:47:19 +0000},
	Journal = {Neural Computing and Applications},
	Number = {6},
	Pages = {1605-1610},
	Publisher = {Springer London},
	Title = {Fingerprint image enhancement and recognition algorithms: a survey},
	Volume = {23},
	Year = {2013}}

@article{Takeuchi2007,
	Author = {Takeuchi, Hideyo and Umezaki, Taizo and Matsumoto, Noriyuki and Hirabayashi, Katsumi},
	Date-Added = {2015-10-31 09:47:19 +0000},
	Date-Modified = {2015-10-31 09:47:19 +0000},
	Journal = {Electronics and Communications in Japan (Part III: Fundamental Electronic Science)},
	Number = {10},
	Pages = {40--53},
	Publisher = {Wiley Subscription Services, Inc., A Wiley Company},
	Title = {Evaluation of low-quality images and imaging enhancement methods for fingerprint verification},
	Volume = {90},
	Year = {2007}}

@article{Huckemann2008,
	Author = {Huckemann, S. and Hotz, T. and Munk, A.},
	Date-Added = {2015-10-31 09:47:19 +0000},
	Date-Modified = {2015-10-31 09:47:19 +0000},
	Journal = {Pattern Analysis and Machine Intelligence, IEEE Transactions on},
	Month = {Sept},
	Number = {9},
	Pages = {1507-1519},
	Title = {Global Models for the Orientation Field of Fingerprints: An Approach Based on Quadratic Differentials},
	Volume = {30},
	Year = {2008}}

@inproceedings{Karimimehr2010,
	Author = {Karimimehr, N. and Shirazi, A.A.B. and Keshavars Bahaghighat, M.},
	Booktitle = {Electrical Engineering (ICEE), 2010 18th Iranian Conference on},
	Date-Added = {2015-10-31 09:47:19 +0000},
	Date-Modified = {2015-10-31 09:47:19 +0000},
	Month = {May},
	Pages = {316-320},
	Title = {Fingerprint image enhancement using Gabor wavelet transform},
	Year = {2010}}

@inproceedings{Khan2010,
	Author = {Khan, M.A. and Khan, A. and Mahmood, T. and Abbas, M. and Muhammad, N.},
	Booktitle = {International Conference on Information and Emerging Technologies (ICIET), 2010},
	Date-Added = {2015-10-31 09:47:19 +0000},
	Date-Modified = {2015-10-31 09:47:19 +0000},
	Month = {June},
	Pages = {1-6},
	Title = {Fingerprint image enhancement using Principal Component Analysis (PCA) filters},
	Year = {2010}}

@article{Khan20144206,
	Author = {Khan, Tariq M. and Khan, Mohammad A.U. and Kong, Yinan},
	Date-Added = {2015-10-31 09:47:19 +0000},
	Date-Modified = {2015-10-31 09:47:19 +0000},
	Journal = {Optik - International Journal for Light and Electron Optics},
	Number = {16},
	Pages = {4206 - 4214},
	Title = {Fingerprint image enhancement using multi-scale \{DDFB\} based diffusion filters and modified Hong filters},
	Volume = {125},
	Year = {2014}}

@article{Liu2015,
	Author = {Liu, Manhua and Chen, Xiaoying and Wang, Xiaoduan},
	Date-Added = {2015-10-31 09:47:19 +0000},
	Date-Modified = {2015-10-31 09:47:19 +0000},
	Journal = {Information Forensics and Security, IEEE Transactions on},
	Number = {1},
	Pages = {6-15},
	Title = {Latent Fingerprint Enhancement via Multi-Scale Patch Based Sparse Representation},
	Volume = {10},
	Year = {2015}}

@article{Oliveira2008367,
	Author = {Oliveira, M.A. and Leite, N.J.},
	Date-Added = {2015-10-31 09:47:19 +0000},
	Date-Modified = {2015-10-31 09:47:19 +0000},
	Journal = {Pattern Recognition},
	Number = {1},
	Pages = {367 - 377},
	Title = {A multiscale directional operator and morphological tools for reconnecting broken ridges in fingerprint images},
	Volume = {41},
	Year = {2008}}

@article{Vizcaya19961221,
	Author = {Vizcaya, Pedro R and Gerhardt, Lester A},
	Date-Added = {2015-10-31 09:47:19 +0000},
	Date-Modified = {2015-10-31 09:47:19 +0000},
	Journal = {Pattern Recognition},
	Number = {7},
	Pages = {1221 - 1231},
	Title = {A nonlinear orientation model for global description of fingerprints},
	Volume = {29},
	Year = {1996}}

@article{Ye20121840,
	Author = {Ye, Qihong and Xiang, Ming and Cui, Zhendong},
	Date-Added = {2015-10-31 09:47:19 +0000},
	Date-Modified = {2015-10-31 09:47:19 +0000},
	Journal = {Procedia Engineering},
	Note = {2012 International Workshop on Information and Electronics Engineering},
	Number = {0},
	Pages = {1840 - 1844},
	Title = {Fingerprint Image Enhancement Algorithm Based on Two Dimension \{EMD\} and Gabor Filter},
	Volume = {29},
	Year = {2012}}

@article{Gu2004543,
	Author = {Gu, Jinwei and Zhou, Jie and Zhang, David},
	Date-Added = {2015-10-31 09:47:19 +0000},
	Date-Modified = {2015-10-31 09:47:19 +0000},
	Journal = {Pattern Recognition},
	Number = {3},
	Pages = {543 - 553},
	Title = {A combination model for orientation field of fingerprints},
	Volume = {37},
	Year = {2004}}

@article{Zhou2004389,
	Author = {Zhou, Jie and Gu, Jinwei},
	Date-Added = {2015-10-31 09:47:19 +0000},
	Date-Modified = {2015-10-31 09:47:19 +0000},
	Journal = {Pattern Recognition},
	Number = {2},
	Pages = {389 - 391},
	Title = {Modeling orientation fields of fingerprints with rational complex functions},
	Volume = {37},
	Year = {2004}}

@article{Ram2010342,
	Author = {Ram, Surinder and Bischof, Horst and Birchbauer, Josef},
	Date-Added = {2015-10-31 09:47:19 +0000},
	Date-Modified = {2015-10-31 09:47:19 +0000},
	Journal = {Pattern Recognition},
	Number = {1},
	Pages = {342 - 357},
	Title = {Modelling fingerprint ridge orientation using {L}egendre polynomials},
	Volume = {43},
	Year = {2010}}

@article{Chikkerur2007198,
	Author = {Chikkerur, Sharat and Cartwright, Alexander N. and Govindaraju, Venu},
	Date-Added = {2015-10-31 09:47:19 +0000},
	Date-Modified = {2015-10-31 09:47:19 +0000},
	Journal = {Pattern Recognition},
	Number = {1},
	Pages = {198 - 211},
	Title = {Fingerprint enhancement using \{STFT\} analysis},
	Volume = {40},
	Year = {2007}}

@article{Jirachaweng2011431,
	Author = {Jirachaweng, Suksan and Hou, Zujun and Yau, Wei-Yun and Areekul, Vutipong},
	Date-Added = {2015-10-31 09:47:19 +0000},
	Date-Modified = {2015-10-31 09:47:19 +0000},
	Journal = {Pattern Recognition},
	Number = {2},
	Pages = {431 - 442},
	Title = {Residual orientation modeling for fingerprint enhancement and singular point detection},
	Volume = {44},
	Year = {2011}}

@article{Sutthiwichaiporn20132465,
	Author = {Sutthiwichaiporn, Prawit and Areekul, Vutipong},
	Date-Added = {2015-10-31 09:47:19 +0000},
	Date-Modified = {2015-10-31 09:47:19 +0000},
	Journal = {Pattern Recognition},
	Number = {9},
	Pages = {2465 - 2486},
	Title = {Adaptive boosted spectral filtering for progressive fingerprint enhancement},
	Volume = {46},
	Year = {2013}}

@inproceedings{Khachay2014,
	Author = {Dremin, Alexander and Khachay, Mikhail Yu. and Leshko, Anton},
	Booktitle = {AIST'14},
	Date-Added = {2015-10-31 09:47:19 +0000},
	Date-Modified = {2015-10-31 09:47:19 +0000},
	Pages = {128-139},
	Title = {Fingerprint Identification Algorithm Based on Delaunay Triangulation and Cylinder Codes},
	Year = {2014}}

@article{Khachai2014,
	Address = {Secaucus, NJ, USA},
	Author = {Khachai, M. Yu. and Leshko, A. S. and Dremin, A. V.},
	Date-Added = {2015-10-31 09:47:19 +0000},
	Date-Modified = {2015-10-31 09:47:19 +0000},
	Journal = {Pattern Recognit. Image Anal.},
	Number = {2},
	Numpages = {7},
	Pages = {297--303},
	Publisher = {Springer-Verlag New York, Inc.},
	Title = {The Problem of Fingerprint Identification: A Reference Database Indexing Method Based on Delaunay Triangulation},
	Volume = {24},
	Year = {2014}}

@inproceedings{Tang2012,
	Author = {Tang, Chen and Yang, Na and Mi, Qinghua},
	Booktitle = {5th International Congress on Image and Signal Processing (CISP), 2012},
	Date-Added = {2015-10-31 09:47:19 +0000},
	Date-Modified = {2015-10-31 09:47:19 +0000},
	Pages = {307--311},
	Title = {Fingerprint enhancement using the second-order oriented partial differential equation},
	Year = {2012}}

@inproceedings{Turroni2012,
	Author = {Turroni, F. and Cappelli, R. and Maltoni, D.},
	Booktitle = {Biometrics (ICB), 2012 5th IAPR International Conference on},
	Date-Added = {2015-10-31 09:47:19 +0000},
	Date-Modified = {2015-10-31 09:47:19 +0000},
	Pages = {152--157},
	Title = {Fingerprint enhancement using contextual iterative filtering},
	Year = {2012}}

@article{Wang2008,
	Author = {Wang, Wei and Li, Jianwei and Huang, Feifei and Feng, Hailiang},
	Date-Added = {2015-10-31 09:47:19 +0000},
	Date-Modified = {2015-10-31 09:47:19 +0000},
	Journal = {Pattern Recognition Letters},
	Number = {3},
	Pages = {301--308},
	Title = {Design and implementation of Log-Gabor filter in fingerprint image enhancement},
	Volume = {29},
	Year = {2008}}

@article{Yang2013,
	Author = {Yang, Jucheng and Xiong, Naixue and Vasilakos, A.V.},
	Date-Added = {2015-10-31 09:47:19 +0000},
	Date-Modified = {2015-10-31 09:47:19 +0000},
	Journal = {Human-Machine Systems, IEEE Transactions on},
	Number = {2},
	Pages = {235--248},
	Title = {Two-Stage Enhancement Scheme for Low-Quality Fingerprint Images by Learning From the Images},
	Volume = {43},
	Year = {2013}}

@article{Yang2014,
	Author = {Yang, Wencheng and Hu, Jiankun and Wang, Song},
	Date-Added = {2015-10-31 09:47:19 +0000},
	Date-Modified = {2015-10-31 09:47:19 +0000},
	Journal = {Information Forensics and Security, IEEE Transactions on},
	Number = {7},
	Pages = {1179--1192},
	Title = {A Delaunay Quadrangle-Based Fingerprint Authentication System With Template Protection Using Topology Code for Local Registration and Security Enhancement},
	Volume = {9},
	Year = {2014}}

@article{Hong:1998,
	Acmid = {284982},
	Address = {Washington, DC, USA},
	Author = {Hong, Lin and Wan, Yifei and Jain, Anil},
	Date-Added = {2015-10-31 09:47:19 +0000},
	Date-Modified = {2015-10-31 09:47:19 +0000},
	Doi = {10.1109/34.709565},
	Issn = {0162-8828},
	Issue_Date = {August 1998},
	Journal = {IEEE Trans. Pattern Anal. Mach. Intell.},
	Keywords = {Biometrics, fingerprint, minutiae, enhancement, Gabor filters, performance evaluation.},
	Month = aug,
	Number = {8},
	Numpages = {13},
	Pages = {777--789},
	Publisher = {IEEE Computer Society},
	Title = {Fingerprint Image Enhancement: Algorithm and Performance Evaluation},
	Volume = {20},
	Year = {1998}
}

@article{Maltoni20092,
	Acmid = {1465308},
	Address = {Newton, MA, USA},
	Author = {Maltoni, Davide and Cappelli, Raffaele},
	Date-Added = {2015-10-31 09:47:19 +0000},
	Date-Modified = {2015-10-31 09:47:19 +0000},
	Doi = {10.1016/j.imavis.2007.01.005},
	Issn = {0262-8856},
	Journal = {Image Vision Comput.},
	Keywords = {Biometric systems, Fake fingers, Fingerprints, Skin distortion model, Synthetic generation},
	Number = {3},
	Numpages = {11},
	Pages = {258--268},
	Publisher = {Butterworth-Heinemann},
	Title = {Advances in Fingerprint Modeling},
	Volume = {27},
	Year = {2009}
}

@article{Wang2007,
	Author = {Wang, Yi and Hu, Jiankun and Phillips, D.},
	Date-Added = {2015-10-31 09:47:19 +0000},
	Date-Modified = {2015-10-31 09:47:19 +0000},
	Journal = {Pattern Analysis and Machine Intelligence, IEEE Transactions on},
	Number = {4},
	Pages = {573--585},
	Title = {A Fingerprint Orientation Model Based on 2D Fourier Expansion (FOMFE) and Its Application to Singular-Point Detection and Fingerprint Indexing},
	Volume = {29},
	Year = {2007}}

@article{VossTimKurts2004,
	Author = {Voss, Henning U. and Timmer, Jens and Kurths, J.},
	Date-Added = {2015-10-31 09:47:19 +0000},
	Date-Modified = {2015-10-31 09:47:19 +0000},
	Issue = {6},
	Journal = {International Journal of Bifurcation and Chaos},
	Pages = {1905--1933},
	Title = {Nonlinear Dynamical System Identification from Uncertain and Indirect Measurements},
	Volume = {14},
	Year = {2004}}

@article{Poin1881,
	Author = {Poincar\'e, Henry},
	Date-Added = {2015-10-31 09:47:19 +0000},
	Date-Modified = {2015-10-31 09:47:19 +0000},
	Journal = {Journal de math\'ematiques pures et appliqu\'ees},
	Pages = {375--422},
	Title = {M\'emoire sur les courbes d\'efinies par une \'equation diff\'erentielle},
	Volume = {7},
	Year = {1881}}

@article{Masahir-1984,
	Author = {Kawagoe, Masahiro and Tojo, Akio},
	Date-Added = {2015-10-31 09:47:19 +0000},
	Date-Modified = {2015-10-31 09:47:19 +0000},
	Doi = {10.1016/0031-3203(84)90079-7},
	Issnp = {0031-3203},
	Issue = {3},
	Journal = {Pattern Recognition},
	Page = {295--303},
	Publisher = {Elsevier Science},
	Title = {Fingerprint pattern classification},
	Volume = {17},
	Year = {1984}
}

@article{RamBiBi2010,
	Author = {Ram, Surinder and Bischof, Horst and Birchbauer, Josef},
	Date-Added = {2015-10-31 09:47:19 +0000},
	Date-Modified = {2015-10-31 09:47:19 +0000},
	Doi = {10.1016/j.patcog.2009.04.023},
	Issnp = {0031-3203},
	Issue = {1},
	Journal = {Pattern Recognition},
	Page = {342--357},
	Publisher = {Elsevier Science},
	Title = {Modelling fingerprint ridge orientation using {Legendre} polynomials},
	Volume = {43},
	Year = {2010}
}

@book{Suetin1999,
	Author = {Suetin, P.K.},
	Date-Added = {2015-10-31 09:47:19 +0000},
	Date-Modified = {2015-10-31 09:47:19 +0000},
	Publisher = {Amsterdam: Gordon and Breach},
	Title = {Orthogonal Polynomials in Two Variables},
	Year = {1999}}

@book{Bhanu2003,
	Address = {Norwell, MA, USA},
	Author = {Bhanu, Bir and Tan, Xuejun},
	Date-Added = {2015-10-31 09:47:19 +0000},
	Date-Modified = {2015-10-31 09:47:19 +0000},
	Isbn = {1402076517},
	Publisher = {Kluwer Academic Publishers},
	Title = {Computational Algorithms for Fingerprint Recognition (Kluwer International Series on Biometrics, 1)},
	Year = {2003}}

@book{Cohn1967,
	Address = {New York},
	Author = {Cohn, Harvey},
	Isbn = {0-486-64025-6},
	Publisher = {Dover London},
	Title = {Conformal mapping on Riemann surfaces},
	Year = 1967}

@book{Maltoni20091,
	Author = {Maltoni, Davide and Maio, Dario and Jain, Anil K. and Prabhakar, Salil},
	Edition = {2nd},
	Publisher = {Springer Publishing Company, Incorporated},
	Title = {Handbook of Fingerprint Recognition},
	Year = {2009}}

@incollection{Cappelli2012,
	Author = {Cappelli, Raffaele and Ferrara, Matteo and Maltoni, Davide},
	Doi = {10.1007/978-3-642-28457-1_7},
	Isbn = {978-3-642-28456-4},
	Language = {English},
	Pages = {117--150},
	Publisher = {Springer Berlin Heidelberg},
	Series = {Intelligent Systems Reference Library},
	Title = {Minutiae-Based Fingerprint Matching},
	Volume = {37},
	Year = {2012},
	}

@article{Xudon2001,
	Author = {Jiang, Xudong and Yau, Wei-Yun and Ser Wee},
	Date-Added = {2015-10-31 09:47:19 +0000},
	Date-Modified = {2015-10-31 09:47:19 +0000},
	Doi = {10.1016/s0031-3203(00)00050-9},
	Issnp = {0031-3203},
	Issue = {5},
	Journal = {Pattern Recognition},
	Page = {999--1013},
	Publisher = {Elsevier Science},
	Title = {Detecting the fingerprint minutiae by adaptive tracing the gray-level ridge},
	Volume = {34},
	Year = {2001}
	}
	
@incollection{mihuailescu2008,
	Author = {Mih{\u{a}}ilescu, Preda and Mieloch, Krzysztof and Munk, Axel},
	Booktitle = {Progress in Industrial Mathematics at ECMI 2006},
	Date-Added = {2015-10-31 09:47:19 +0000},
	Date-Modified = {2015-10-31 09:47:19 +0000},
	Pages = {928--932},
	Publisher = {Springer},
	Title = {Fingerprint classification using entropy sensitive tracing},
	Year = {2008}}

@article{HaimKan1985,
	Author = {Haimovich, M. and Rinnooy Kan, A. H. G.},
	Date-Added = {2015-10-31 09:47:19 +0000},
	Date-Modified = {2015-10-31 09:47:19 +0000},
	Doi = {10.1287/moor.10.4.527},
	Journal = {Mathematics of Operations Research},
	Number = {4},
	Pages = {527-542},
	Title = {Bounds and Heuristics for Capacitated Routing Problems},
	Volume = {10},
	Year = {1985}
	}
	
@article{DanzRams1959,
	Author = {Dantzig, G. and Ramser, J.},
	Date-Added = {2015-10-31 09:47:19 +0000},
	Date-Modified = {2015-10-31 09:47:19 +0000},
	Issue = {1},
	Journal = {Management science},
	Pages = {80--91},
	Title = {The Truck Dispatching Problem},
	Volume = {6},
	Year = {1959}}


@article{LenKan1981,
	Author = {Lenstra, J.K. and Rinnooy Kan, A.H.G.},
	Date-Added = {2015-10-31 09:47:19 +0000},
	Date-Modified = {2015-10-31 09:47:19 +0000},
	Journal = {Networks},
	Pages = {221--227},
	Title = {Complexity of vehicle routing and scheduling problems},
	Volume = {11},
	Year = {1981}}

@article{Asano1996,
	Author = {Asano, T. and Katoh, N. and Tamaki, H. and Tokuyama, T.},
	Date-Added = {2015-10-31 09:47:19 +0000},
	Date-Modified = {2015-10-31 09:47:19 +0000},
	Journal = {IBM Tokyo Research},
	Title = {Covering points in the plane by k-tours: a polynomial time approximation scheme for fixed k},
	Year = {1996}}

@inproceedings{DasMat2010,
	Acmid = {1873634},
	Address = {Philadelphia, PA, USA},
	Author = {Das, Aparna and Mathieu, Claire},
	Booktitle = {Proceedings of the Twenty-first Annual ACM-SIAM Symposium on Discrete Algorithms},
	Date-Added = {2015-10-31 09:47:19 +0000},
	Date-Modified = {2015-10-31 09:47:19 +0000},
	Isbn = {978-0-898716-98-6},
	Location = {Austin, Texas},
	Numpages = {14},
	Pages = {390--403},
	Publisher = {Society for Industrial and Applied Mathematics},
	Series = {SODA '10},
	Title = {A Quasi-polynomial Time Approximation Scheme for {E}uclidean Capacitated Vehicle Routing},
	Year = {2010}
	}
	
@article{DasMat2015,
	Author = {Das, Aparna and Mathieu, Claire},
	Doi = {10.1007/s00453-014-9906-4},
	Issne = {1432-0541},
	Issnp = {0178-4617},
	Journal = {Algorithmica},
	Pages = {115--142},
	Publisher = {Springer},
	Title = {A Quasipolynomial Time Approximation Scheme for {E}uclidean Capacitated Vehicle Routing},
	Year = {2015},
	Volume={73},
	Issue={1}
	}
	
@article{Adamaszek2009,
	Author = {Adamaszek, C. and Czumaj, A. and Lingas, A.},
	Date-Added = {2015-10-31 09:47:19 +0000},
	Date-Modified = {2015-10-31 09:47:19 +0000},
	Issue = {arXiv:0904.2576},
	Journal = {Manuscript},
	Title = {{PTAS} for k-tour cover problem on the plane for moderately large values of k},
	Volume = {1},
	Year = {2009}}

article{Adamaszek2010,
author = {Adamaszek, Anna and Czumaj, Artur and Lingas, Andrzej},
title = {PTAS for k-Tour Cover Problem on the Plane rof Moderately Large Values of $k$},
journal = {International Journal of Foundations of Computer Science},
volume = {21},
number = {06},
pages = {893--904},
year = {2010},
doi = {10.1142/S0129054110007623},
URL = { 
        https://doi.org/10.1142/S0129054110007623
},
eprint = { 
        https://doi.org/10.1142/S0129054110007623  
}
}

@article{Adamaszek2010,
author = {Adamaszek, Anna and Czumaj, Artur and Lingas, Andrzej},
title = {{PTAS} for k-Tour Cover Problem on the Plane rof Moderately Large Values of $k$},
journal = {International Journal of Foundations of Computer Science},
volume = {21},
number = {6},
pages = {893--904},
year = {2010},
doi = {10.1142/S0129054110007623},
eprint = { 
        https://doi.org/10.1142/S0129054110007623  
}
}

@article{Arora1998,
	Author = {S. Arora},
	Date-Added = {2015-10-31 09:47:19 +0000},
	Date-Modified = {2015-10-31 09:47:19 +0000},
	Issue = {5},
	journal = {Journal of the ACM},
	pages = {753--782},
	title = {{Polynomial Time Approximation Schemes for Euclidean Traveling Salesman and other geometric problems}},
	volume = {45},
	year = {1998}}

@article{KhNez2015-Steklov,
	Author = {Khachai, M.Yu. and Neznakhina, E.D.},
	Date-Added = {2015-10-31 09:47:19 +0000},
	Date-Modified = {2015-10-31 09:47:19 +0000},
	Doi = {10.1134/S0081543815050107},
	Issn = {0081-5438},
	Journal = {Proceedings of the Steklov Institute of Mathematics},
	Keywords = {NP-hard problem; polynomial-time approximation scheme; traveling salesman problem; cycle cover of size k},
	Language = {English},
	Number = {1},
	Pages = {111-125},
	Publisher = {Pleiades Publishing},
	Title = {A polynomial-time approximation scheme for the Euclidean problem on a cycle cover of a graph},
	Volume = {289},
	Year = {2015},
	url="https://doi.org/10.1134/S0081543815050107"
	}
	
@article{KhNez2015-DAN,
	Author = {Khachai, M.Yu. and Neznakhina, E.D.},
	Date-Added = {2015-10-31 09:47:19 +0000},
	Date-Modified = {2015-10-31 09:47:19 +0000},
	Doi = {10.1134/S1064562415020313},
	Issn = {1064-5624},
	Journal = {Doklady Mathematics},
	Language = {English},
	Number = {2},
	Pages = {240-245},
	Publisher = {Pleiades Publishing},
	Title = {Approximability of the problem about a minimum-weight cycle cover of a graph},
	Volume = {91},
	Year = {2015}
	}
	
@article{Deineko-2014,
	Author = {Deineko, Vladimir G. and Klinz, Bettina and Tiskin, Alexander and Woeginger, Gerhard J.},
	Date-Added = {2015-10-31 09:47:19 +0000},
	Date-Modified = {2015-10-31 09:47:19 +0000},
	Doi = {10.1016/j.disopt.2014.09.003},
	Issnp = {1572-5286},
	Journal = {Discrete Optimization},
	Pages = {147--159},
	Publisher = {Elsevier Science},
	Title = {Four-point conditions for the TSP: The complete complexity classification},
	Volume = {14},
	Year = {2014}
	}
	
@article{Fatih-2009,
	Author = {M. Fatih Tasgetiren and P.N. Suganthan and Quan-Ke Pan},
	Date-Added = {2015-10-31 09:47:19 +0000},
	Date-Modified = {2015-10-31 09:47:19 +0000},
	Journal = {Applied Mathematics and Computation},
	Number = {9},
	Pages = {3356 - 3368},
	Title = {An ensemble of discrete differential evolution algorithms for solving the generalized traveling salesman problem},
	Volume = {215},
	Year = {2010}}

@article{Bontoux-2010,
	Author = {Boris Bontoux and Christian Artigues and Dominique Feillet},
	Date-Added = {2015-10-31 09:47:19 +0000},
	Date-Modified = {2015-10-31 09:47:19 +0000},
	Journal = {Computers \& Operations Research},
	Number = {11},
	Pages = {1844 - 1852},
	Title = {A Memetic Algorithm with a large neighborhood crossover operator for the Generalized Traveling Salesman Problem},
	Volume = {37},
	Year = {2010}}

@article{Laporte-1987,
	Author = {Laporte, Gilbert and  Mercure, H{\'e}l{\`e}ne and Nobert, Yves},
	Date-Added = {2015-10-31 09:47:19 +0000},
	Date-Modified = {2015-10-31 09:47:19 +0000},
	Journal = {Discrete Applied Mathematics},
	Number = {2},
	Pages = {185 - 197},
	Title = {Generalized travelling salesman problem through n sets of nodes: the asymmetrical case},
	Volume = {18},
	Year = {1987}}

@article{Junman-2012,
	Author = {Kan Jun-man and Zhang Yi},
	Date-Added = {2015-10-31 09:47:19 +0000},
	Date-Modified = {2015-10-31 09:47:19 +0000},
	Journal = {Energy Procedia},
	Number = {0},
	Pages = {319 - 325},
	Title = {Application of an Improved Ant Colony Optimization on Generalized Traveling Salesman Problem},
	Volume = {17, Part A},
	Year = {2012}}

@article{Karapetyan-2011,
	Author = {D. Karapetyan and G. Gutin},
	Date-Added = {2015-10-31 09:47:19 +0000},
	Date-Modified = {2015-10-31 09:47:19 +0000},
	Journal = {European Journal of Operational Research},
	Number = {3},
	Pages = {221 - 232},
	Title = {Lin--Kernighan heuristic adaptations for the generalized traveling salesman problem},
	Volume = {208},
	Year = {2011}}


@article{Lien-1993,
	Author = {Yao-Nan Lien and Eva Ma and Benjamin W.-S. Wah},
	Date-Added = {2015-10-31 09:47:19 +0000},
	Date-Modified = {2015-10-31 09:47:19 +0000},
	Journal = {Information Sciences},
	Number = {1--2},
	Pages = {177 - 189},
	Title = {Transformation of the generalized traveling-salesman problem into the standard traveling-salesman problem},
	Volume = {74},
	Year = {1993}}

@article{Dimitrijevic-1997,
	Author = {Vladimir Dimitrijevi{\'{c}} and Zoran {\v{{\v S}}ari\'{c}}},
	Date-Added = {2015-10-31 09:47:19 +0000},
	Date-Modified = {2015-10-31 09:47:19 +0000},
	Journal = {Information Sciences},
	Number = {1--4},
	Pages = {105 - 110},
	Title = {An efficient transformation of the generalized traveling salesman problem into the traveling salesman problem on digraphs},
	Volume = {102},
	Year = {1997}}

@article{Chentsov-2001,
	Author = {A.A. Chentsov and A.G. Chentsov},
	Date-Added = {2015-10-31 09:47:19 +0000},
	Date-Modified = {2015-10-31 09:47:19 +0000},
	Journal = {Mathematical and Computer Modelling},
	Number = {8--9},
	Pages = {801 - 819},
	Title = {Dynamic programming method in the generalized traveling salesman problem: The influence of inexact calculations},
	Volume = {33},
	Year = {2001}}

@article{Chentsov-1997,
	Author = {A.G. Chentsov and L.N. Korotayeva},
	Date-Added = {2015-10-31 09:47:19 +0000},
	Date-Modified = {2015-10-31 09:47:19 +0000},
	Journal = {Mathematical and Computer Modelling},
	Number = {1},
	Pages = {93 - 105},
	Title = {The dynamic programming method in the generalized traveling salesman problem},
	Volume = {25},
	Year = {1997}}

@article{Helsgaun-2015,
	Author = {Helsgaun, Keld},
	Date-Added = {2015-10-31 09:47:19 +0000},
	Date-Modified = {2015-10-31 09:47:19 +0000},
	Journal = {Mathematical Programming Computation},
	Pages = {1-19},
	Publisher = {Springer Berlin Heidelberg},
	Title = {Solving the equality {G}eneralized {T}raveling {S}alesman {P}roblem using the {L}in--{K}ernighan--{H}elsgaun Algorithm},
	Year = {2015}}

@article{Gutin-2010,
	Author = {Gutin, Gregory and Karapetyan, Daniel},
	Date-Added = {2015-10-31 09:47:19 +0000},
	Date-Modified = {2015-10-31 09:47:19 +0000},
	Number = {1},
	Pages = {47--60},
	journal={Natural Computing},
	Publisher = {Kluwer Academic Publishers},
	Title = {A Memetic Algorithm for the Generalized Traveling Salesman Problem},
	Volume = {9},
	Year = {2010},
	doi={10.1007/s11047-009-9111-6}
	}

@article{Einstein-2011,
	Author = {Cacchiani, Valentina and Muritiba, Albert Einstein Fernandes and Negreiros, Marcos and Toth, Paolo},
	Date-Added = {2015-10-31 09:47:19 +0000},
	Date-Modified = {2015-10-31 09:47:19 +0000},
	Journal = {Networks},
	Number = {3},
	Pages = {231--239},
	Publisher = {Wiley Subscription Services, Inc., A Wiley Company},
	Title = {A multistart heuristic for the equality generalized traveling salesman problem},
	Volume = {57},
	Year = {2011}}

@article{Balas-1999,
	Author = {Balas, E.},
	Date-Added = {2015-10-31 09:47:19 +0000},
	Date-Modified = {2015-10-31 09:47:19 +0000},
	Journal = {Annals of Operations Research},
	Pages = {529--558},
	Publisher = {Kluwer Academic Publishers},
	Title = {New classes of efficiently solvable generalized {Traveling Salesman Problems}},
	Volume = {86},
	Year = {1999}}

@inproceedings{Karp-1961,
	Address = {New York, NY, USA},
	Author = {Held, Michael and Karp, Richard M.},
	Booktitle = {Proceedings of the 1961 16th ACM National Meeting},
	Date-Added = {2015-10-31 09:47:19 +0000},
	Date-Modified = {2015-10-31 09:47:19 +0000},
	Pages = {71.201--71.204},
	Publisher = {ACM},
	Series = {ACM '61},
	Title = {A Dynamic Programming Approach to Sequencing Problems},
	Year = {1961}}

@article{Bellman-1962,
	Address = {New York, NY, USA},
	Author = {Bellman, Richard},
	Date-Added = {2015-10-31 09:47:19 +0000},
	Date-Modified = {2015-10-31 09:47:19 +0000},
	Issue_Date = {Jan. 1962},
	Journal = {J. ACM},
	Number = {1},
	Numpages = {3},
	Pages = {61--63},
	Publisher = {ACM},
	Title = {Dynamic Programming Treatment of the Travelling Salesman Problem},
	Volume = {9},
	Year = {1962}}

@book{Cormen-2009,
	Author = {Cormen, Thomas H. and Leiserson, Charles E. and Rivest, Ronald L. and Stein, Clifford},
	Date-Added = {2015-10-31 09:47:19 +0000},
	Date-Modified = {2015-10-31 09:47:19 +0000},
	Edition = {3ed.},
	Publisher = {MIT},
	Title = {Introduction to Algorithms},
	Year = {2009}}

@article{Steiner-1990,
	Author = {Steiner, George},
	Date-Added = {2015-10-31 09:47:19 +0000},
	Date-Modified = {2015-10-31 09:47:19 +0000},
	Journal = {Annals of Operations Research},
	Number = {1},
	Pages = {103-123},
	Title = {On the complexity of dynamic programming for sequencing problems with precedence constraints},
	Volume = {26},
	Year = {1990}}

@article{Garone-2014,
	Author = {Garone, Emanuele and Determe, Jean-Francois and Naldi, Roberto},
	Date-Added = {2015-10-31 09:47:19 +0000},
	Date-Modified = {2015-10-31 09:47:19 +0000},
	Issue = {3},
	Journal = {Journal of Guidance Control and Dynamics},
	Pages = {766--774},
	Publisher = {American Institute of Aeronautics and Astronautics},
	Title = {Generalized Traveling Salesman Problem for Carrier-Vehicle Systems},
	Volume = {37},
	Year = {2014}}

@book{E2002,
	Author = {Eremin, I.},
	Publisher = {VSP},
	Title = {Theory of linear optimization},
	Volume = {29},
	Year = {2002}}

@article{KR1998,
	Author = {Khachai, M. and Rybin, A.},
	Issue = {4},
	Journal = {Pattern Recgnition and Image Analysis},
	Pages = {491--496},
	Publisher = {Pleiades Publishing},
	Title = {A New Estimate of the Number of Members in a Minimum Committee of a System of Linear Inequalities},
	Volume = {8},
	Year = {1998}}

@article{K2006,
	Author = {Khachai, M.},
	Issne = {1531-8362},
	Issnp = {1064-5624},
	Issue = {1},
	Journal = {Doklady Mathematics},
	Pages = {138--141},
	Publisher = {SP MAIK Nauka/Interperiodica},
	Title = {Computational complexity of the minimum committee problem and related problems},
	Volume = {73},
	Year = {2006}}

@article{M1971,
	Author = {Mazurov, Vl.},
	Journal = {Kibernetika},
	Pages = {140--146},
	Title = {Committees of inequalities systems and the pattern recognition problem},
	Volume = {3},
	Year = {1971}}

@article{KhP2009,
	Author = {Khachay, M. and Poberii, M.},
	Journal = {Informatica},
	Number = {2},
	Pages = {217--234},
	Publisher = {IOS Press},
	Title = {Complexity and approximability of committee polyhedral separability of sets in general position},
	Volume = {20},
	Year = {2009}}

@article{AHK2012,
	Author = {Arora, S. and Hazan, E. and Kale, S.},
	Journal = {Theory of Computing},
	Number = {1},
	Pages = {121--164},
	Title = {The Multiplicative Weights Update Method: a Meta-Algorithm and Applications.},
	Volume = {8},
	Year = {2012}}

@book{SF2012,
	Author = {Schapire, R. and Freund, Y.},
	Publisher = {MIT Press},
	Title = {Boosting: Foundations and algorithms},
	Year = {2012}}

@article{G1956,
	Author = {Gale, D.},
	Journal = {Linear inequalities and related system},
	Pages = {255--263},
	Title = {Neighboring vertices on a convex polyhedron},
	Volume = {38},
	Year = {1956}}

@article{Kh2008,
	Author = {Khachai, M.},
	Journal = {Pattern Recognition and Image Analysis},
	Number = {2},
	Pages = {236--242},
	Publisher = {Springer},
	Title = {Computational and approximational complexity of combinatorial problems related to the committee polyhedral separability of finite sets},
	Volume = {18},
	Year = {2008}}

@book{GareyJohnson,
	Address = {New York, NY, USA},
	Author = {Garey, Michael R. and Johnson, David S.},
	Isbn = {0716710447},
	Publisher = {W. H. Freeman \& Co.},
	Title = {Computers and Intractability: A Guide to the Theory of NP-Completeness},
	Year = {1979}}

@article{Papa77,
	Author = {Papadimitriou, Christos},
	volume={4},
	Issue = {3},
	Journal = {Theoret. Comput. Sci.},
	Pages = {237--244},
	Title = {Euclidean {TSP} is {NP}-complete},
	Year = {1977}}

@article{SahniGon76,
	Author = {Sahni, S. and Gonzales, T.},
	Issue = {3},
	Journal = {Journal of the ACM},
	Pages = {555--565},
	Title = {P-complete approximation problems},
	Volume = {23},
	Year = {1976}}

@inproceedings{Christ75,
	Author = {Christofides, N},
	Booktitle = {Symposium on New Directions and Recent Results in Algorithms and Complexity},
	Pages = {441},
	Title = {Worst-case analysis of a new heuristic for the {Traveling Salesman Problem}},
	Year = {1975}}

@article{Arora98,
	Author = {Arora, S.},
	Issue = {5},
	Journal = {Journal of the ACM},
	Pages = {753--782},
	Title = {Polynomial-Time Approximation Schemes for Euclidean Traveling Salesman and other geometric problems},
	Volume = {45},
	Year = {1998}}

@article{Gimadi2008,
	Author = {Gimadi, E.},
	Issue = {2 Supplement},
	Journal = {Proc. of the Steklov institute of Mathematics},
	Pages = {S57--S67},
	Title = {Asymptotically Optimal Algorithm for Finding One and Two Edge-Disjoint Traveling Salesman Routes of Maximal Weight in Euclidean Space},
	Volume = {263},
	Year = {2008}}

@article{DeKort91,
	Author = {De Kort, J.B.J.M.},
	Issue = {1},
	Journal = {Optimization},
	Pages = {113--122},
	Title = {Lower bounds for symmetric K-peripatetic salesman problems},
	Volume = {20},
	Year = {1991}}

@incollection{Krarup75,
	Author = {Krarup, Jakob},
	Booktitle = {Combinatorial programming: methods and applications},
	Pages = {173--178},
	Publisher = {Springer},
	Title = {The peripatetic salesman and some related unsolved problems},
	Year = {1975}}

@book{Toth-VRP,
	Address = {Philadelphia, PA, USA},
	Editor = {Toth, Paolo and Vigo, Daniele},
	Isbn = {0-89871-498-2},
	Publisher = {Society for Industrial and Applied Mathematics},
	Title = {The Vehicle Routing Problem},
	Year = {2001}}

@book{GRW-VRP,
	Author = {Golden, Bruce and Raghavan, S. and Wasil, Edward A.},
	Isbn = {9780387777771},
	Keywords = {vehicleroutingproblem, vrp},
	Posted-At = {2009-07-10 12:35:54},
	Priority = {2},
	Publisher = {Springer},
	Series = {Operations research/Computer science interfaces series, 43},
	Title = {The vehicle routing problem : latest advances and new challenges},
	Year = {2008}}

@article{baburin2009,
	Author = {Baburin, A.E. and Della Croce, Federico and Gimadi, E. Kh. and Glazkov, Yu. V. and Paschos, V. Th.},
	Journal = {Discrete Applied Mathematics},
	Number = {9},
	Pages = {1988--1992},
	Publisher = {Elsevier},
	Title = {Approximation algorithms for the 2-{Peripatetic Salesman Problem} with edge weights 1 and 2},
	Volume = {157},
	Year = {2009}}

@article{GiGlTsi2014,
	author={Gimadi, E. Kh. and Glazkov, Yu.V. and Tsidulko, O. Yu.},
    title={Probabilistic analysis of an algorithm for the m-planar 3-index assignment problem on single-cycle permutations},
    journal={Journal of Applied and Industrial Mathematics},
    year={2014},
    volume={8},
    number={2},
    pages={208--217},
	doi={10.1134/S1990478914020070}
}


@article{dantzig59,
	Author = {Dantzig, George B and Ramser, John H},
	Journal = {Management science},
	Number = {1},
	Pages = {80--91},
	Publisher = {Informs},
	Title = {The truck dispatching problem},
	Volume = {6},
	Year = {1959}}

@book{Cormen,
	Author = {Cormen, Thomas H. and Stein, Clifford and Rivest, Ronald L. and Leiserson, Charles E.},
	Edition = {2nd},
	Isbn = {0070131511},
	Publisher = {McGraw-Hill Higher Education},
	Title = {Introduction to Algorithms},
	Year = {2001}}

@article{Finkel74,
	Author = {Finkel, Raphael A. and Bentley, Jon Louis},
	Doi = {10.1007/BF00288933},
	Journal = {Acta Inf.},
	Pages = {1--9},
	Title = {Quad Trees: A Data Structure for Retrieval on Composite Keys},
	Url = {http://dx.doi.org/10.1007/BF00288933},
	Volume = {4},
	Year = {1974}
	}
	
@article{Kumar2012,
	Author = {Kumar, S. and Panneerselvam, R.},
	Doi = {10.4236/iim.2012.43010},
	Issue = {3},
	Journal = {Intelligent Information Management},
	Pages = {66--74},
	Title = {A Survey on the Vehicle Routing Problem and Its Variants},
	Volume = {4},
	Year = {2012}
	}
	
@article{Bektas-2006,
	Author = {Bektas, Tolga},
	Doi = {10.1016/j.omega.2004.10.004},
	Issnp = {0305-0483},
	Issue = {3},
	Journal = {Omega},
	Pages = {209--219},
	Publisher = {Elsevier Science},
	Title = {The multiple traveling salesman problem: an overview of formulations and solution procedures},
	Volume = {34},
	Year = {2006}
	}
	
@article{Manthey-2008,
	Author = {Manthey, Bodo},
	Doi = {10.1137/060676003},
	Issnp = {0097-5397},
	Issue = {1},
	Journal = {SIAM Journal on Computing},
	Pages = {181--206},
	Publisher = {Society for Industrial and Applied Mathematics},
	Title = {On Approximating Restricted Cycle Covers},
	Volume = {38},
	Year = {2008}
	}
	
@article{Manthey-2009,
	Author = {Manthey, Bodo},
	Doi = {10.1016/j.dam.2008.10.005},
	Issnp = {0166-218X},
	Issue = {7},
	Journal = {Discrete Applied Mathematics},
	Pages = {1470--1480},
	Publisher = {Elsevier Science},
	Title = {Minimum-weight cycle covers and their approximability},
	Volume = {157},
	Year = {2009}
	}
	
@incollection{blaser2001,
	Author = {Bl{\"a}ser, Markus and Siebert, Bodo},
	Booktitle = {Algorithms---ESA 2001},
	Pages = {368--379},
	Publisher = {Springer},
	Title = {Computing cycle covers without short cycles},
	Year = {2001}}

@article{Blaser-2005,
	Author = {Bl{\"a}ser, Markus and Manthey, Bodo},
	Doi = {10.1007/s00453-004-1131-0},
	Issne = {1432-0541},
	Issnp = {0178-4617},
	Issue = {2},
	Journal = {Algorithmica},
	Month = {06},
	Pages = {121--139},
	Publisher = {Springer},
	Title = {Approximating Maximum Weight Cycle Covers in Directed Graphs with Weights Zero and One},
	Volume = {42},
	Year = {2005}
	}
	
@article{Blaser-2006,
	Author = {Bl\"aser, Markus and Manthey, Bodo and Sgall, Ji\v{r}\'{i}},
	Doi = {10.1016/j.jda.2005.07.004},
	Issnp = {1570-8667},
	Issue = {4},
	Journal = {Journal of Discrete Algorithms},
	Pages = {623--632},
	Publisher = {Elsevier Science},
	Title = {An improved approximation algorithm for the asymmetric {TSP} with strengthened triangle inequality},
	Volume = {4},
	Year = {2006}
	}
	
@article{Chandran-2007,
	Author = {Chandran, Sunil L.  and Ram, Shankar L.}, 
	Doi = {10.1016/j.tcs.2006.10.026},
	Issnp = {0304-3975},
	Issue = {1-3},
	Journal = {Theoretical Computer Science},
	Pages = {218--228},
	Publisher = {Elsevier Science},
	Title = {On the relationship between {ATSP} and the cycle cover problem},
	Volume = {370},
	Year = {2007}
	}
	
@article{Jung-1901,
	Author = {Jung, H.},
	Journal = {J. reine und angew. Math.},
	Language = {German},
	Pages = {241--257},
	Title = {{\"U}ber die kleinste Kugel, die eine r{\"a}umliche Figur einschliesst},
	Volume = {123},
	Year = {1901}}

	
@techreport{SzwarWils-1979,
	Author = {Szwarcfiter, J.L. and Wilson, L.B.},
	Institution = {University of Newcastle upon Tyne},
	Month = {February},
	Number = {131},
	Title = {The Cycle Cover Problem},
	Year = {1979}}

@book{DataClust2007,
   title =     {Data Clustering: Theory, Algorithms, and Applications},
   author =    {Gan, Guojun and Ma, Chaoqun and Wu, Jianhong},
   publisher = {SIAM, Society for Industrial and Applied Mathematics},
   isbn =      {0898716233,9780898716238},
   year =      {2007},
   series =    {ASA-SIAM Series on Statistics and Applied Probability}
}

@article{Sneath1957,
title={The applications of computers to taxonomy},
author={Sneath, P.},
journal={Journal of General Microbiology},
year={1957},
volume={17},
pages={201--226}
}

@TECHREPORT{Cardon2008,
  AUTHOR =        {Cardon, S. and Dommers, S. and  Eksin, C. and Sitters, R. and Stougie, A. and Stougie, L.},
  TITLE =         {A {PTAS} for the Multiple Depot Vehicle Routing Problem},
  NUMBER =        {2008.03},
  INSTITUTION =   {Eindhoven Univ. of Technology},
  MONTH =         {March},
  YEAR  =         {2008},
  PAGES =         {10},
  URL   =         {http://www.win.tue.nl/bs/spor/2008-03.pdf}
}

Article{Song2016,
author={Song, Liang
and Huang, Hejiao
and Du, Hongwei},
title={Approximation schemes for Euclidean vehicle routing problems with time windows},
journal={Journal of Combinatorial Optimization},
year={2016},
volume={32},
number={4},
pages={1217--1231},
issn={1573-2886},
doi={10.1007/s10878-015-9931-5},
url={http://dx.doi.org/10.1007/s10878-015-9931-5}
}

@Article{Song2016,
author={Song, Liang
and Huang, Hejiao
and Du, Hongwei},
title={Approximation schemes for Euclidean vehicle routing problems with time windows},
journal={Journal of Combinatorial Optimization},
year={2016},
volume={32},
number={4},
pages={1217--1231},
issn={1573-2886},
doi={10.1007/s10878-015-9931-5}
}

@Inbook{KhZay2015,
author={Khachay, Michael and Zaytseva, Helen},
editor={Lu, Zaixin
and Kim, Donghyun
and Wu, Weili
and Li, Wei
and Du, Ding-Zhu},
title={Polynomial Time Approximation Scheme for Single-Depot Euclidean Capacitated Vehicle Routing Problem},
bookTitle={Combinatorial Optimization and Applications: 9th International Conference, {COCOA} 2015, {H}ouston, {TX}, {USA}, {D}ecember 18-20, 2015, Proceedings},
year={2015},
series={LNCS},
volume={9486},
publisher={Springer International Publishing},
address={Cham},
pages={178--190},
isbn={978-3-319-26626-8},
doi={10.1007/978-3-319-26626-8\_14}
}

@Inbook{Bha2015,
author={Bhattacharya, Binay
and {\'{C}}usti{\'{c}}, Ante
and Rafiey, Akbar
and Rafiey, Arash
and Sokol, Vladyslav},
editor={Lu, Zaixin
and Kim, Donghyun
and Wu, Weili
and Li, Wei
and Du, Ding-Zhu},
title={Approximation Algorithms for
Generalized MST and TSP in Grid Clusters},
booktitle={Combinatorial Optimization and Applications: 9th International Conference, {COCOA} 2015, {H}ouston, {TX}, {USA}, {D}ecember 18-20, 2015, Proceedings},
year={2015},
series={Lecture Notes in Computer Science},
volume={9486},
publisher={Springer International Publishing},
address={Cham},
pages={110--125},
isbn={978-3-319-26626-8},
url={https://doi.org/10.1007/978-3-319-26626-8{\_}9}
}

@Inbook{Sup2015,
author={Mudgal, Apurva and Pandit, Supantha},
editor={Lu, Zaixin
and Kim, Donghyun
and Wu, Weili
and Li, Wei
and Du, Ding-Zhu},
chapter={Covering, Hitting, Piercing and Packing Rectangles Intersecting an Inclined Line},
title={Combinatorial Optimization and Applications: 9th International Conference, {COCOA} 2015, {H}ouston, {TX}, {USA}, {D}ecember 18-20, 2015, Proceedings},
year={2015},
series={LNCS},
publisher={Springer International Publishing},
address={Cham},
pages={126--137},
isbn={978-3-319-26626-8},
doi={10.1007/978-3-319-26626-8_10}
}


@book{RBF-book2015,
   title =     {Spherical Radial Basis Functions, Theory and Applications},
   author =    {Hubbert, Simon and Gia, Qu{\^o}c Th{\^o}ng L\^{e} and  Morton, Tanya M.},
   publisher = {Springer International Publishing},
   isbn =      {978-3-319-17938-4,978-3-319-17939-1},
   year =      {2015},
   series =    {SpringerBriefs in Mathematics},
   edition =   {1},
   pages = {150},
   doi={10.1007/978-3-319-17939-1}
}

@Article{Gimadi2016,
author={Gimadi, E. Kh. and Rykov, I. A.},
title={On the asymptotic optimality of a solution of the euclidean problem of covering a graph by m nonadjacent cycles of maximum total weight},
journal={Doklady Mathematics},
year={2016},
volume={93},
number={1},
pages={117--120},
issn={1531-8362},
doi={10.1134/S1064562416010233}
}

@inproceedings{HenLab1969,
author={Henry-Labordere, A.L.},
title={The record balancing problem: a dynamic programming
solution of a generalized traveling salesman problem},
booktitle={RIBO, B-2},
pages={736--743},
year={1969}
}

@article{Saksena1970,
author={Saksena,J.P.},
title={Mathematical model for scheduling clients through welfare agencies},
journal={CORS Journal},
year={1970},
volume={8},
pages={185--200}
}

@article{LAPORTE1990193,
title = {The selective travelling salesman problem},
journal = {Discrete Applied Mathematics},
volume = {26},
number = {2},
pages = {193--207},
year = {1990},
issn = {0166-218X},
doi = {http://dx.doi.org/10.1016/0166-218X(90)90100-Q},
author = {Laporte, Gilbert  and  Martello, Silvano}
}
	
@inproceedings{Bovet1983,
author={Bovet, J,},
title={Selective Traveling Salesman Problem},
booktitle={Papers presented at the EURO VI Conference, Vienna},
year={1983}
}	


@article{LapNor1983,
author={Laporte, G. and Nobert, Y.},
title={Generalized travelling salesman problem through n sets of nodes: an integer programming approach},
journal={Informatica}, 
volume={21},
year={1983},
pages={61--75}
}

@book{Sutherland2009,
   title =     {Introduction to Metric and Topological Spaces},
   author =    {Sutherland, Wilson A.},
   publisher = {Oxford University Press},
   isbn =      {019956308X,9780199563081, 0199563071, 9780199563074},
   year =      {2009},
   series =    {[Oxford Mathematics]},
   edition =   {2} 
}

@article{ChenKhKh2016,
author={Chentsov, A. G. and Khachai, M. Yu. and Khachai, D. M.},
title={An exact algorithm with linear complexity for a problem of visiting megalopolises},
journal={Proceedings of the Steklov Institute of Mathematics},
year={2016},
volume={295},
number={1},
pages={38--46},
issn="1531-8605",
doi="10.1134/S0081543816090054",
url="https://doi.org/10.1134/S0081543816090054"
}

@Inbook{PopMatSab2010,
author={Pop, P. C. and Matei, O. and Sabo, C.},
editor={Blesa, Mar{\'i}a J. and Blum, Christian and Raidl, G{\"u}nther and Roli, Andrea and Sampels, Michael},
chapter={A New Approach for Solving the Generalized Traveling Salesman Problem},
title={Hybrid Metaheuristics: 7th International Workshop, HM 2010, Vienna, Austria, October 1-2, 2010. Proceedings},
year={2010},
publisher={Springer Berlin Heidelberg},
address={Berlin, Heidelberg},
pages={62--72},
isbn={978-3-642-16054-7},
doi={10.1007/978-3-642-16054-7_5} 
}

@article{Chartrand1967,
author = {Chartrand, G. and Harary, F.},
journal = {Annales de l'I.H.P. Probabilit\'es et statistiques},
keywords = {topology},
language = {eng},
number = {4},
pages = {433-438},
publisher = {Gauthier-Villars},
title = {Planar Permutation Graphs},
url = {http://eudml.org/doc/76875},
volume = {3},
year = {1967},
}

@article{PnuLemEv1971,
author={Pnueli, A. and Lempel, A. and Even, S.},
title={Transitive Orientation of Graphs and Identification of Permutation Graphs},
journal={Canadian Journal of Mathematics},
year={1971},
volume={23},
issue={1},
pages={160--175},
doi={10.4153/CJM-1971-016-5}
}

@book{Bona2012,
   title =     {Combinatorics of Permutations},
   author =    {Mikl{\'o}s B{\'o}na},
   publisher = {CRC Press},
   isbn =      {1439850518},
   year =      {2012},
   edition =   {2nd}
   }

@article{Erdos1953,
author = {Erd{\"o}s, P.}, 
title = {On a Conjecture of {H}ammersley},
volume = {s1-28}, 
number = {2}, 
pages = {232--236}, 
year = {1953}, 
doi = {10.1112/jlms/s1-28.2.232}, 
URL = {http://jlms.oxfordjournals.org/content/s1-28/2/232.short}, 
eprint = {http://jlms.oxfordjournals.org/content/s1-28/2/232.full.pdf+html}, 
journal = {Journal of the London Mathematical Society} 
}

@article{darroch1964,
author = {Darroch, J. N.},
doi = {10.1214/aoms/1177703287},
fjournal = {The Annals of Mathematical Statistics},
journal = {Ann. Math. Statist.},
month = {09},
number = {3},
pages = {1317--1321},
publisher = {The Institute of Mathematical Statistics},
title = {On the Distribution of the Number of Successes in Independent Trials},
url = {http://dx.doi.org/10.1214/aoms/1177703287},
volume = {35},
year = {1964}
}
@book{Jordan1950,
   title =     {Calculus of Finite Differences},
   author =    {Jordan, Charles},
   publisher = {Chelsea Publishing Company},
   isbn =      {},
   year =      {1950},
   series =    {},
   edition =   {2nd},
   volume =    {},
   url =       {http://gen.lib.rus.ec/book/index.php?md5=E74B3E972B5929E7F721D74E5A52BE7A}
   }

@article{Moser01041958,
author = {Moser, L. and Wyman, M.}, 
title = {Asymptotic Development of the Stirling Numbers of the First Kind},
volume = {s1-33}, 
number = {2}, 
pages = {133-146}, 
year = {1958}, 
doi = {10.1112/jlms/s1-33.2.133}, 
URL = {http://jlms.oxfordjournals.org/content/s1-33/2/133.short}, 
eprint = {http://jlms.oxfordjournals.org/content/s1-33/2/133.full.pdf+html}, 
journal = {Journal of the London Mathematical Society} 
}

@article {Temme1993,
author = {Temme, N. M.},
title = {Asymptotic Estimates of Stirling Numbers},
journal = {Studies in Applied Mathematics},
volume = {89},
number = {3},
issn = {1467-9590},
url = {http://dx.doi.org/10.1002/sapm1993893233},
doi = {10.1002/sapm1993893233},
pages = {233--243},
year = {1993}
}
@book{MansourSchork2015,
   title =     {Commutation Relations, Normal Ordering, and Stirling Numbers},
   author =    {Mansour, Toufik and Schork, Matthias},
   publisher = {Chapman and Hall/CRC},
   isbn =      {1466579889,9781466579880},
   year =      {2015},
   series =    {Discrete Mathematics and Its Applications}
 }

@book{TothVigo2014,
   title =     {Vehicle Routing: Problems, Methods, and Applications, Second Edition},
   author =    {Toth, Paolo and  Vigo, Daniele},
   publisher = {SIAM},
   isbn =      {1611973589,978-1-611973-58-7},
   year =      {2014},
   pages =	   {53--85},
   series =    {MOS-Siam Series on Optimization},
   edition =   {2},
   volume =    {}
 }

 @book{Lee2004,
   title =     {A First Course in Combinatorial Optimization},
   author =    {Lee, Jon},
   publisher = {Cambridge University Press},
   isbn =      {9780521811514,0521811511,0511187831,0521010128},
   year =      {2004},
   series =    {Cambridge Texts in Applied Mathematics},
   edition =   {illustrated edition},
   volume =    {}
   }

@article{Blaser2009,
title = {Improved approximation algorithms for metric maximum \{ATSP\} and maximum 3-cycle cover problems},
journal = {Operations Research Letters},
volume = {37},
number = {3},
pages = {176--180},
year = {2009},
issn = {0167-6377},
doi = {http://dx.doi.org/10.1016/j.orl.2009.01.011},
author = {Bl{\"a}ser, Markus  and Shankar Ram, L.  and Sviridenko, Maxim}
}

book{GutinPunnen2007,
   title =     {The Traveling Salesman Problem and Its Variations},
   author =    {Punnen (auth.), Abraham P.  and  Gutin, Gregory and Punnen (eds.), Abraham P.},
   publisher = {Springer US},
   isbn =      {9781402006647,1402006640},
   year =      {2002},
   series =    {Combinatorial Optimization 12},
   edition =   {1}
}
@article{Chadran2007,
title = {On the relationship between ATSP and the cycle cover problem},
journal = {Theoretical Computer Science},
volume = {370},
number = {1},
pages = {218--228},
year = {2007},
doi = {http://dx.doi.org/10.1016/j.tcs.2006.10.026},
author = {Chandran, Sunil L.  and Ram, Shankar L.}
}
@book{Burkard209,
   title =     {Assignment problems},
   author =    {Burkard, Rainer and   Dell'Amico, Mauro and  Martello, Silvano},
   publisher = {Society for Industrial and Applied Mathematics, Society for Industrial and Applied Mathematics},
   isbn =      {0898716632,9780898716634},
   year =      {2009}
}

@techreport{ScwarWil1989,
author={Szwarcfiter, Jayme L. and Wilson Leslie B.},
title={The cycle cover problem},
institution={University of Newcastle upon Tyne},
year={1979},
month={February},
number={131}
}
@article{Boruvka1926,
author={Bor{\r u}vka, Otakar},
title={O jist{\' e}m probl{\' e}mu minim{\' a}lnim},
journal={Pr{\' a}ce mor. p{\v r}irodov{\v e}d. spol. v Brn{\v e}},
year={1926},
volume={III},
number={3},
pages={37--58}
}
@article{Kruskal1956,
 ISSN = {00029939, 10886826},
 URL = {http://www.jstor.org/stable/2033241},
 author = {Kruskal, Joseph B.},
 journal = {Proceedings of the American Mathematical Society},
 number = {1},
 pages = {48--50},
 publisher = {American Mathematical Society},
 title = {On the Shortest Spanning Subtree of a Graph and the Traveling Salesman Problem},
 volume = {7},
 year = {1956}
}

@Article{Edmonds1971,
author={Edmonds, Jack},
title={Matroids and the greedy algorithm},
journal={Mathematical Programming},
year={1971},
volume={1},
number={1},
pages={127--136},
issn={1436-4646},
doi={10.1007/BF01584082},
url={http://dx.doi.org/10.1007/BF01584082}
}
@article{Rado1942,
author={Rado, R.},
title={A theorem on independence relations},
journal={Quart. J. Math.},
year={1942},
number={13},
pages={83--89}
}
@article{Kuhn1955,
author={Kuhn, Harold W.},
title={The Hungarian Method for the assignment problem},
journal={Naval Research Logistics Quarterly},
year={1955},
volume={2},
pages={83--97}
}
@article{Munkres1957,
author={Munkres, J.},
title={Algorithms for the Assignment and Transportation Problems},
journal={Journal of the Society for Industrial and Applied Mathematics},
year={1957},
volume={5},
number={1},
pages={32--38}
}
@article{Nezn2016,
author={Neznakhina, E.D.},
title={{PTAS} for {Min-$k$-SCCP} in Euclidean space of arbitrary fixed dimension},
journal={Proc. Steklov Inst. Math.},
year={2016},
volume={295},
number={Suppl. 1},
pages={S120--S130}
}
@article{Aggarwal1991,
 author = {Aggarwal, Alok and Imai, Hiroshi and Katoh, Naoki and Suri, Subhash},
 title = {Finding K Points with Minimum Diameter and Related Problems},
 journal = {J. Algorithms},
 volume = {12},
 number = {1},
 month = jan,
 year = {1991},
 issn = {0196-6774},
 pages = {38--56},
 numpages = {19},
 url = {http://dx.doi.org/10.1016/0196-6774(91)90022-Q},
 doi = {10.1016/0196-6774(91)90022-Q},
 acmid = {105968},
 publisher = {Academic Press, Inc.},
 address = {Duluth, MN, USA}
} 
@Inbook{Har-Peled2003,
author={Har-Peled, Sariel
and Mazumdar, Soham},
editor={Di Battista, Giuseppe
and Zwick, Uri},
title={Fast Algorithms for Computing the Smallest k-Enclosing Disc},
bookTitle={Algorithms - ESA 2003: 11th Annual European Symposium, Budapest, Hungary, September 16-19, 2003. Proceedings},
year={2003},
publisher={Springer Berlin Heidelberg},
address={Berlin, Heidelberg},
pages={278--288},
isbn={978-3-540-39658-1},
doi={10.1007/978-3-540-39658-1_27},
url={http://dx.doi.org/10.1007/978-3-540-39658-1_27}
}
@articale{Efrat1994,
author={Efrat, A. and Sharir, M.  and  Ziv, A.},
title={Computing the smallest k-enclosing circle and related problems},
journal={Comput. Geom. Theory Appl.},
year={1994},
volume={4},
pages={119--136}
}
@article{GowerRoss1969,
 ISSN = {00359254, 14679876},
 URL = {http://www.jstor.org/stable/2346439},
 author = {Gower, J. C. and Ross, G. J. S.},
 journal = {Journal of the Royal Statistical Society. Series C (Applied Statistics)},
 number = {1},
 pages = {54--64},
 publisher = {[Wiley, Royal Statistical Society]},
 title = {Minimum Spanning Trees and Single Linkage Cluster Analysis},
 volume = {18},
 year = {1969}
}

@book{Andrews1976,
   title =     {The Theory of Partitions},
   author =    {Andrews, G.E.},
   publisher = {Campbridge University Press},
   isbn =      {},
   year =      {1976}
   }

@Inbook{KhD2016,
author={Khachay, Michael and Dubinin, Roman},
editor={Kochetov, et al.},
title={PTAS for the Euclidean Capacitated Vehicle Routing Problem in $R^d$},
bookTitle={Discrete Optimization and Operations Research: 9th International Conference, DOOR 2016, Vladivostok, Russia, September 19-23, 2016, Proceedings},
series={LNCS},
volume={9869},
year={2016},
publisher={Springer International Publishing},
address={Cham},
pages={193--205},
isbn={978-3-319-44914-2},
doi={10.1007/978-3-319-44914-2\_16}
}

@Inbook{Ageev2016,
author={Ageev, Alexander},
editor={Kochetov, et al.},
title={Constant-Factor Approximations for Cycle Cover Problems},
bookTitle={Discrete Optimization and Operations Research: 9th International Conference, DOOR 2016, Vladivostok, Russia, September 19-23, 2016, Proceedings},
series={LNCS},
volume={9869},
year={2016},
publisher={Springer International Publishing},
address={Cham},
pages={93--104},
isbn={978-3-319-44914-2},
doi={10.1007/978-3-319-44914-2_8},
url={http://dx.doi.org/10.1007/978-3-319-44914-2_8}
}



@article{Tutte1954,
author={Tutte, W.T.},
title={A short proof of the factor theorem for finite graphs},
journal={Canadian Journal of Mathematics},
volume={6},
year={1954},
pages={347-352}
}

@book{Lovasz1986,
   title =     {Matching Theory},
   author =    {Lov{\'a}sz, L and Plummer, M.D. (Eds.)},
   publisher = {North-Holland},
   isbn =      {0444879161,9780444879165,9780080872322},
   year =      {1986},
   series =    {North-Holland Mathematics Studies 121 / Annals of Discrete Mathematics 29},
   edition =   {1st}
}
@article{Hell1988,
author = {Hell, Pavol and  Kirkpatrick, David and  Kratochvíl, Jan and  K{\v r\' i\v z}, Igor },
title = {On Restricted Two-Factors},
journal = {SIAM Journal on Discrete Mathematics},
volume = {1},
number = {4},
pages = {472--484},
year = {1988},
doi = {10.1137/0401046}
}

@phdthesis{Hart1984,
author={Hartvigset, David},
title={Extensions of Matching Theory},
school={Carnegie Mellon University, Pittsburg, Penn. USA},
year={1984}
}

@article{GoeWill1995,
author = {Goemans, Michel X.  and Williamson, David P. },
title = {A General Approximation Technique for Constrained Forest Problems},
journal = {SIAM Journal on Computing},
volume = {24},
number = {2},
pages = {296--317},
year = {1995},
doi = {10.1137/S0097539793242618},
}

@article{BraCo1990,
author={Branco, I.M. and Coelho, J.D.},
title={The Hamiltonian {p}-median problem},
journal={European Journal of Operational Research},
year={1990},
volume={47},
pages={86-95}
}
@article{Erdogan2016,
author={Erdo{\v g}an, G. and Laprte, G. and Rodr{\' i}ges Chia},
title={Exact and heuristic algorithms for the Hamiltonian {p}-vedian problem},
journal={European JOurnal of Operational Research},
year={2016},
volume={253},
pages={280-289}
}
@article{HUPP2013,
title = {A polyhedral study of the Hamiltonian p-median problem},
journal ={Electronic Notes in Discrete Mathematics},
volume ={41},
pages = {213--220},
year = {2013},
doi = {http://dx.doi.org/10.1016/j.endm.2013.05.095},
author = {Hupp, Lena  and  Liers, Frauke}
}
@Inbook{Gollowitzer2011,
author={Gollowitzer, Stefan
and Pereira, Dilson Lucas
and Wojciechowski, Adam},
editor={Pahl, Julia
and Reiners, Torsten
and Vo{\ss}, Stefan},
title={New Models for and Numerical Tests of the Hamiltonian p-Median Problem},
bookTitle={Network Optimization: 5th International Conference, INOC 2011, Hamburg, Germany, June 13-16, 2011. Proceedings},
year={2011},
publisher={Springer Berlin Heidelberg},
address={Berlin, Heidelberg},
pages={385--394},
isbn={978-3-642-21527-8},
doi={10.1007/978-3-642-21527-8_43},
url={http://dx.doi.org/10.1007/978-3-642-21527-8_43}
}
@article{Zohr2007,
title={A New Formulation of the Hamiltonian p Median Problem},
author={Zohrehbandian, M.},
journal={Applied Mathematical Sciences},
volume={1},
year={2007},
number={8},
pages={355--361}
}

@article{Zohr2010,
author={Zohrehbandian, M. and Hamidnia namini, S.},
title={Ant colony optimization techniques for the hamiltonian {p}-median problem},
journal={Mathematical Sciences},
year={2010},
volume={4},
number={4},
pages={383--390}
}
@article{Glaab2000,
title={The Hamiltonian {p}–Median Problem},
author={Glaab, H and Pott, A.},
journal={The Electonic Journal of Combinatorics},
year={2000},
volume={7},
number={R42}
}

%%%%%%%%%%%%%%%%%%%%%%%%%%%%%%%%%%%%%%%%%%%%%%%%%%%%%%%%%%%%%
%%%%%%% ГИМАДИ Э.Х.
%%%%%%%%%%%%%%%%%%%%%%%%%%%%%%%%%%%%%%%%%%%%%%%%%%%%%%%%%%%%%
@inproceedings{GimBaik,
author={Гимади, Э.Х.},
title={Новая версия асимптотически точного алгоритма решения евклидовой
задачи коммивояжера},
bookTitle={Труды XII Байкальской международной
конференции. Методы оптимизации  и их приложения. Том 1},
year={2001},
address={Иркутск},
pages={117--124}
}

@incollection{Ser,
author={Сердюков, А.И.},
title={Асимптотически точный алгоритм для задачи коммивояжера на максимум в евклидовом пространстве},
bookTitle={Методы целочисленной оптимизации (Управляемые системы)},
address={Новосибирск},
number={27},
pages={79--87}
}

@article{KhNe1,
author={Хачай, М.Ю. and Незнахина, Е.Д.},
title={Полиномиальная приближенная схема для
евклидовой задачи о цикловом покрытии графа},
journal={Труды Института математики и механики УрО РАН},
year={2014},
volume={20},
number={4},
pages={297--311}
}

@article{KhNe2,
author={Хачай, М.Ю. and Незнахина, Е.Д.},
title={Аппроксимируемость задачи о
минимальном по весу цикловом покрытии графа},
journal={Доклады Академии Наук},
year={2015},
volume={461},
number={6},
pages={644--649}
}

@book{GJ,
title={Вычислительные машины и труднорешаемые задачи},
author={Гэри, М and Джонсон, Д.},
publisher={Мир},
address={Москва},
year={1982},
pages={416}
}

@book{Dav,
author={Дейвид, Г.},
title={Порядковые статистики},
publisher={Наука},
year={1979},
address={Москва},
pages={336}
}

@article{DR59,
	Author = {Dantzig, G. and Ramser, J.},
	Issue = {1},
	Journal = {Management science},
	Pages = {80--91},
	Title = {The Truck Dispatching Problem},
	Volume = {6},
	Year = {1959}
	}

@article{HR05,
author={Hassin, R. and Rubinstein, S.},
title={On the complexity of the k-customer
vehicle routing problem},
journal={Operations Research Letters},
year={2010},
volume={33},
pages={71--76}
}	

@article{KL81,
author={Kan, A.R. and Lenstra, J.},
title={Complexity of vehicle routing and
scheduling problems},
journal={Networks},
year={1981},
volume={11},
pages={221--227}
}

@book{TSP,
   title =     {The Traveling Salesman Problem and Its Variations},
   author =    {Punnen (auth.), Abraham P.  and  Gutin, Gregory and Punnen (eds.), Abraham P.},
   publisher = {Springer US},
   isbn =      {9781402006647,1402006640},
   year =      {2002},
   series =    {Combinatorial Optimization 12},
   edition =   {1}
}

@book{Pet,
author={Петров, В.В.},
title={Предельные теоремы для сумм независимых случайных
величин},
address={Москва},
publisher={Наука},
year={1987}
}

@article{Friese1,
author={Frieze, A.M.},
title={On the value of a random minimum spanning tree problem},
journal={Discrete Applied Mathematics},
year={1985},
volume={10},
pages={47--56}
}

@article{Friese,
author={Frieze, A.M.},
title={On random symmetric travelling salesman problems},
journal={Mathematics of Operations Research},
year={2004},
volume={29},
number={4},
pages={878--890}
}

@article{Li,
author={Li, S.},
title={Concise Formulas for the Area and Volume of a Hyperspherical Cap},
journal={Asian Journal of Mathematics and Statistics},
year={2011},
volume={4},
number={1},
pages={66--70}
}

@inproceedings{Gabow,
author={Gabow, H.N.},
title={An efficient reduction technique for
degree-constrained subgraph and bidirected network flow problems},
bookTitle={Proc. 15th annual ACM symposium on theory of computing (Boston,
April 25-27, 1983)},
address={New York},
publisher={ACM},
year={1983},
pages={448--456}
}

@book{DLT,
title={Discrete Location Theory},
editor={Mirchandani, P.B. and  Francis,R.L.},
publsher={Wiley-Interscience Publication: Wiley and Sons Inc.},
year={1990},
pages={576}
}

@article{OdaOta2001,
  title={Algorithmic Aspects of Pyramidal Tours with Restricted Jump-Backs},
  author={Oda, Yoshiaki  and Ota, Katsuhiro},
  journal={Interdisciplinary Information Sciences},
  volume={7},
  number={1},
  pages={123-133},
  year={2001},
  doi={10.4036/iis.2001.123}
}
@book{GutinPunnen2007,
author="Gutin, Gregory and Punnen, Abraham P.",
title="The Traveling Salesman Problem and Its Variations",
year="2007",
publisher="Springer US",
address="Boston, MA",
isbn="978-0-387-44459-8"
}

@article{Burkard1998,
 author = {Burkard, Rainer E. and Deineko, Vladimir G. and van Dal, Ren{\'e} and van, Jack A. A. and Veen, der and Woeginger, Gerhard J.},
 title = {Well-Solvable Special Cases of the {Traveling Salesman Problem:} A Survey},
 journal = {SIAM Rev.},
 issue_date = {Sept. 1998},
 volume = {40},
 number = {3},
 month = sep,
 year = {1998},
 issn = {0036-1445},
 pages = {496--546},
 numpages = {51},
 doi = {10.1137/S0036144596297514},
 acmid = {300104},
 publisher = {Society for Industrial and Applied Mathematics},
 address = {Philadelphia, PA, USA},
 keywords = {combinatorial optimization, computational complexity, polynomial time algorithm, traveling salesman problem}
} 

@InProceedings{deBerg2016,
  author =	{Berg, Mark de  and Buchin, Kevin  and Jansen, Bart M. P.  and Woeginger, Gerhard} ,
  title =	{{Fine-Grained Complexity Analysis of Two Classic TSP Variants}},
  booktitle =	{43rd International Colloquium on Automata, Languages, and Programming (ICALP 2016)},
  pages =	{5:1--5:14},
  series =	{Leibniz International Proceedings in Informatics (LIPIcs)},
  ISBN =	{978-3-95977-013-2},
  ISSN =	{1868-8969},
  year =	{2016},
  volume =	{55},
  editor =	{Chatzigiannakis, Ioannis and  Mitzenmacher, Michael and   Rabani, Yuval and  Sangiorgi, Davide},
  publisher =	{Schloss Dagstuhl--Leibniz-Zentrum fuer Informatik},
  address =	{Dagstuhl, Germany},
  URL =		{http://drops.dagstuhl.de/opus/volltexte/2016/6277},
  URN =		{urn:nbn:de:0030-drops-62770},
  doi =		{10.4230/LIPIcs.ICALP.2016.5},
  annote =	{Keywords: Traveling salesman problem, fine-grained complexity, bitonic tours, k-opt}
}

@article{Klyaus1976,
title={{Generation of Testproblems for the Traveling Salesman Problem} (in {R}ussian)}, 
journal={Preprint Inst. Mat. Akad. Nauk. BSSR}, 
author={Klyaus, P.S.},
number={16}, 
year={1976}
}

@article{Enomoto1998,
 author = {Enomoto, Hikoe and Oda, Yoshiaki and Ota, Katsuhiro},
 title = {{Pyramidal Tours with Step-backs and the Asymmetric Traveling Salesman Problem}},
 journal = {Discrete Appl. Math.},
 issue_date = {Oct., 5, 1998},
 volume = {87},
 number = {1-3},
 month = oct,
 year = {1998},
 issn = {0166-218X},
 pages = {57--65},
 numpages = {9},
 doi = {10.1016/S0166-218X(98)00048-1},
 acmid = {303381},
 publisher = {Elsevier Science Publishers B. V.},
 address = {Amsterdam, The Netherlands, The Netherlands},
 keywords = {a pyramidal tour, polynomially solvable classes, the traveling salesman problem},
} 

@book{LLR-KS1985,
   title =     {The Traveling Salesman Problem: A Guided Tour of Combinatorial Optimization },
   author =    {Lawler, E. L. and Lenstra, Jan Karel and Rinnooy Kan, A. H. G. and  Shmoys, D. B.},
   publisher = {Wiley},
   isbn =      {0471904139,9780471904137},
   year =      {1985},
   series =    {Wiley Series in Discrete Mathematics \& Optimization}
}

@article{BURK1998,
title = {On the traveling salesman problem with a relaxed Monge matrix},
journal = {Information Processing Letters},
volume = {67},
number = {5},
pages = {231 - 237},
year = {1998},
note = {},
issn = {0020-0190},
doi = {http://dx.doi.org/10.1016/S0020-0190(98)00119-7},
url = {http://www.sciencedirect.com/science/article/pii/S0020019098001197},
author = {Burkard, Rainer E.  and  Deineko, Vladimir G.},
keywords = {Traveling salesman problem},
keywords = {Monge matrix},
keywords = {Pyramidally solvable case},
keywords = {Euclidean TSP},
keywords = {Algorithms}
}


@article{KhN-PSIM2017,
author={Khachai, M. Yu. and Neznakhina, E. D.},
title={Approximation Schemes for the Generalized Traveling Salesman Problem},
journal={Proceedings of the Steklov Institute of Mathematics},
year={2017},
volume={299},
number={1},
pages={97--105},
issn={1531-8605},
doi={10.1134/S0081543817090127},
url={https://doi.org/10.1134/S0081543817090127}
}


@Inbook{KhN-COCOA2017,
author={Khachay, Michael
and Neznakhina, Katherine},
editor={Gao, Xiaofeng
and Du, Hongwei
and Han, Meng},
title={Generalized pyramidal tours for the Generalized Traveling Salesman Problem},
bookTitle={Combinatorial Optimization and Applications: 11th International Conference, COCOA 2017, Shanghai, China, December 16-18, 2017, Proceedings, Part I},
year={2017},
series={Lecture Notes in Computer Science},
volume={10627},
publisher={Springer International Publishing},
address={Cham},
pages={265--277},
isbn={978-3-319-71150-8},
doi={10.1007/978-3-319-71150-8_23},
url={https://doi.org/10.1007/978-3-319-71150-8{\_}23}
}


@Inbook{Song-COCOA2017,
author={Song, Liang
and Huang, Hejiao},
editor={Gao, Xiaofeng
and Du, Hongwei
and Han, Meng},
title={The Euclidean Vehicle Routing Problem with Multiple Depots and Time Windows},
bookTitle={Combinatorial Optimization and Applications: 11th International Conference, COCOA 2017, Shanghai, China, December 16-18, 2017, Proceedings, Part II},
year={2017},
series={Lecture Notes in Computer Science},
volume={10627},
publisher={Springer International Publishing},
address={Cham},
pages={265--277},
isbn={978-3-319-71146-1},
doi={10.1007/978-3-319-71147-8{\_}31}
}

@article{FerGriSit2006,
author={Feremans, Corinne
and Grigoriev, Alexander
and Sitters, Ren{\'e}},
title={The geometric generalized minimum spanning tree problem with grid clustering},
journal={4OR},
year={2006},
volume={4},
number={4},
pages={319--329},
issn={1614-2411},
doi={10.1007/s10288-006-0012-6},
url={https://doi.org/10.1007/s10288-006-0012-6}
}

@article{FishGonToth1997,
author = {Fischetti, Matteo  and  Gonz{\'a}lez, Juan Jos{\'e} Salazar and Toth, Paolo},
title = {A Branch-and-Cut Algorithm for the Symmetric {G}eneralized {T}raveling {S}alesman {P}roblem},
journal = {Operations Research},
volume = {45},
number = {3},
pages = {378-394},
year = {1997},
doi = {10.1287/opre.45.3.378}
}

@InBook{KhN-AIST2017,
author={Khachay, Michael
and Neznakhina, Katherine},
editor={van der Aalst, Wil M.P.
and Ignatov, Dmitry I.
and Khachay, Michael
and Kuznetsov, Sergei O.
and Lempitsky, Victor
and Lomazova, Irina A.
and Loukachevitch, Natalia
and Napoli, Amedeo
and Panchenko, Alexander
and Pardalos, Panos M.
and Savchenko, Andrey V.
and Wasserman, Stanley},
title={Polynomial time solvable subclass of the Generalized Traveling Salesman Problem on Grid Clusters},
booktitle={Analysis of Images, Social Networks and Texts},
year={2018},
series={Lecture Notes in Computer Science},
volume={10716},
publisher={Springer International Publishing},
address={Cham},
pages={346--355},
isbn={978-3-319-73013-4},
url={https://doi.org/10.1007/978-3-319-73013-4{\_}32}
}

@article{KPK-OPTIMA2017,
author = {Khachay, M. and Pankratov, V. and Khachay, D.},
title = {Attainable best guarantee for the accuracy of {$k$}-medians clustering in {$[0,1]$}},
journal = {CEUR Workshop Proceedings},
year = {2017},
volume = {1987},
pages = {322--327},
url={urn:nbn:de:0074-1987-8}
}

@article{Laporte1996,
 ISSN = {01605682, 14769360},
 URL = {http://www.jstor.org/stable/3010604},
 author = {Laporte, Gilbert  and  Asef-Vaziri, Ardavan and  Sriskandarajah, Chelliah},
 journal = {The Journal of the Operational Research Society},
 number = {12},
 pages = {1461-1467},
 publisher = {Palgrave Macmillan Journals},
 title = {Some Applications of the Generalized Travelling Salesman Problem},
 volume = {47},
 year = {1996}
}

@article{CCPS2018,
author = {Chentsov, Alexander G.  and Chentsov, Pavel A.  and Petunin, Alexander A.  and  Sesekin, Alexander N.},
title = {Model of megalopolises in the tool path optimisation for CNC plate cutting machines},
journal = {International Journal of Production Research},
pages = {1-12},
year  = {2018},
publisher = {Taylor & Francis},
doi = {10.1080/00207543.2017.1421784},
URL = { 
        https://doi.org/10.1080/00207543.2017.1421784  
},
eprint = { 
        https://doi.org/10.1080/00207543.2017.1421784
  
}
}
 


@article{KhD2017,
author={Khachai, M. Yu. and Dubinin, R. D.},
title={Approximability of the Vehicle Routing Problem in finite-dimensional Euclidean spaces},
journal={Proceedings of the Steklov Institute of Mathematics},
year={2017},
volume={297},
number={1},
pages={117--128},
issn={1531-8605},
doi={10.1134/S0081543817050133}
}

@InProceedings{van_hoorn,
author={Jelke J. van Hoorn},
title={A note on the worst case complexity for the capacitated vehicle routing problem},
bookTitle={Research Memorandum},
publisher={Faculteit der Economische Wetenschappen en Bedrijfskunde},
year={2010},
volume={5}
}


@article{Baekers2016,
title = {The vehicle routing problem: State of the art classification and review},
journal = {Computers {\&} Industrial Engineering},
volume = {99},
pages = {300--313},
year = {2016},
issn = {0360-8352},
doi = {https://doi.org/10.1016/j.cie.2015.12.007},
author = "Braekers, Kris and  Ramaekers, Katrien and  van Nieuwenhuyse, Inneke"
}

@book{AggarwalReddi2013,
   title =     {Data Clustering: Algorithms and Applications},
   author =    {Aggarwal, Charu C. and Reddy, Chandan K. (Eds.)},
   publisher = {Chapman and Hall/CRC},
   isbn =      {978-1-4665-5822-9,978-1-4665-5821-2},
   year =      {2013},
   series =    {Chapman {\&} Hall/CRC Data Mining and Knowledge Discovery Series}
}

@article{Exposito-Izquierdo-2015,
doi	= {10.1016/j.cie.2015.11.022},
title	= {A Two-Level Solution Approach to Solve the Clustered Capacitated Vehicle Routing Problem},
author	= {Exp{\'o}sito-Izquierdo, C. and Rossi, A. and Sevaux, M.},
publisher	= {Elsevier Science},
journal	= {Computers {\&} Industrial Engineering},
issnp	= {0360-8352},
year	= {2015}
}


@article{Kelmanov-2016,
doi	= {10.1134/S199047891602006X},
title	= {A fully polynomial-time approximation scheme for a sequence 2-cluster partitioning problem},
author	= {Kelmanov, A. V. and Khamidullin, S. A. and Khandeev, V. I.},
journal	= {Journal of Applied and Industrial Mathematics},
issnp	= {1990-4789},
issne	= {1990-4797},
year	= {2016},
volume	= {10},
issue	= {2},
page	= {209--219},
}



@inproceedings{Asano1997,
 author = {Asano, Tetsuo and Katoh, Naoki and Tamaki, Hisao and Tokuyama, Takeshi},
 title = {Covering Points in the Plane by K-tours: Towards a Polynomial Time Approximation Scheme for General K},
 booktitle = {Proceedings of the Twenty-ninth Annual ACM Symposium on Theory of Computing},
 series = {STOC '97},
 year = {1997},
 isbn = {0-89791-888-6},
 location = {El Paso, Texas, USA},
 pages = {275--283},
 numpages = {9},
 doi = {10.1145/258533.258602},
 acmid = {258602},
 publisher = {ACM},
 address = {New York, NY, USA},
} 

@inproceedings{KhO2018-AIST,
 author = {Khachay, M. and Ogorodnikov, Y.},
 title = {Efficient {PTAS} for the {E}uclidean {CVRP} with {T}ime {W}indows},
 booktitle = {Analysis of Images, Social Networks and Texts - 7th International Conference, AIST 2018},
 year = {2018},
 series={LNCS},
 volume={11179},
 publisher={Springer International Publishing},
 address={Cham},
 pages={318--328},
 isbn={978-3-030-11026-0},
 url={https://doi.org/10.1007/978-3-030-11027-7{\_}30}
}

@inproceedings{KhO2018-OPTIMA,
 author = {Khachay, M. and Ogorodnikov, Y.},
 title = {Improved Polynomial Time Approximation Scheme for Capacitated Vehicle Routing Problem with Time Windows},
 booktitle = {Optimization and Applications. OPTIMA 2018},
 year = {2019},
 series={Communications in Computer and Information Science},
 volume={974},
 publisher={Springer International Publishing},
 address={Cham},
 pages={155--169},
 isbn={978-3-030-10933-2},
 url={https://doi.org/10.1007/978-3-030-10934-9{\_}12}
}

@inproceedings{KhO2019-MOTOR,
 author = {Khachay, M. and Ogorodnikov, Y.},
 title = {Approximation scheme for the Capacitated Vehicle Routing Problem with Time Windows and non-uniform demand},
 booktitle={Mathematical Optimization Theory and Operations Research -- 18th International conference
(MOTOR 2019). Proceedings},
 year = {2019},
 series={LNCS},
 volume={11548},
 pages={309--327},
 publisher={Springer International Publishing},
 url={https://doi.org/10.1007/978-3-030-22629-9{\_}22}
}


@book{AndrewsEricsson2014,
   title =     {Integer Partitions  },
   author =    {Andrews, George E. and  Eriksson, Kimmo},
   publisher = {Cambridge University Press},
   isbn =      {0521841186,9780521841184,0521600901,9780521600903},
   year =      {2004},
   series =    {},
   edition =   {2nd},
   volume =    {}
}

@Article{Savelsbergh1985,
author={Savelsbergh, M. W. P.},
title={Local search in routing problems with time windows},
journal={Annals of Operations Research},
year={1985},
volume={4},
number={1},
pages={285--305},
issn={1572-9338},
doi={10.1007/BF02022044},
url={https://doi.org/10.1007/BF02022044}
}




@article{ShenTaoWang2018,
author={Shen, L. and Tao, F. and Wang, S.},
title={Multi-Depot Open Vehicle Routing Problem with Time Windows Based on Carbon Trading},
journal={International Journal of Environmental Research and Public Health},
year={2018},
volume={15},
number={9},
pages={2025},
doi={10.3390/ijerph15092025}
}



@article{PACE20152257,
title = {Distributing Fibre Boards: A Practical Application of the Heterogeneous Fleet Vehicle Routing Problem with Time Windows and Three-dimensional Loading Constraints},
journal = {Procedia Computer Science},
volume = {51},
pages = {2257 - 2266},
year = {2015},
note = {{I}nternational {C}onference on {C}omputational {S}cience, ICCS 2015},
issn = {1877-0509},
url = {https://doi.org/10.1016/j.procs.2015.05.382},
author = {Pace, Shannon and Turky, Ayad  and Moser, I.  and  Aleti, Aldeida}
}



@article{Gscgwind2015,
author={Gschwind, Timo and  Irnich, Stefan},
title={Effective Handling of Dynamic Time Windows and Its Application to Solving the Dial-a-Ride Problem},
journal={Transportation Science},
year={2015},
volume={49},
number={2},
pages={335--354},
foi={10.1287/trsc.2014.0531}
}


@article{SavelsberghWoensel2016,
author={Savelsbergh, Martin and  van Woensel, Tom},
title={50th anniversary invited article - City logistics: Challenges and opportunities},
journal={Transportation Science},
year={2016},
volume={50},
number={2},
pages={579--590},
doi={10.1287/trsc.2016.0675}}


@article{KANN1994309,
title = {Maximum bounded H-matching is MAX SNP-complete},
journal = {Information Processing Letters},
volume = {49},
number = {6},
pages = {309--318},
year = {1994},
issn = {0020-0190},
url = {https://doi.org/10.1016/0020-0190(94)90105-8},
author = {Kann, Viggo}
}



@Inbook{HashYagi2008,
author={Hashimoto, H. and Yagiura, M.},
editor={van Hemert, J. and Cotta, C.},
title={A Path Relinking Approach with an Adaptive Mechanism to Control Parameters for the Vehicle Routing Problem with Time Windows},
bookTitle={Evolutionary Computation in Combinatorial Optimization. EvoCOP 2008},
year={2008},
series={LNCS},
volume={4972},
publisher={Springer},
address={Berlin},
pages={254--265},
isbn={978-3-540-78603-0},
doi={10.1007/978-3-540-78604-7\_22}
}



@article{Vidal2013,
 author = {Vidal, Thibaut and Crainic, Teodor Gabriel and Gendreau, Michel and Prins, Christian},
 title = {A Hybrid Genetic Algorithm with Adaptive Diversity Management for a Large Class of {Vehicle Routing Problems with Time Windows}},
 journal = {Comput. Oper. Res.},
 volume = {40},
 number = {1},
 year = {2013},
 issn = {0305-0548},
 pages = {475--489},
 numpages = {15},
 doi = {10.1016/j.cor.2012.07.018},
 acmid = {2369835},
 publisher = {Elsevier Science Ltd.},
 address = {Oxford, UK, UK}
} 

@inproceedings{BlochoCzech2013,
author={Blocho, M. and Czech, Z.J.},
title={A Parallel Memetic Algorithm for the {Vehicle Routing Problem with Time Windows}},
year={2013},
pages={144--151},
bookTitle={2013 Eighth International Conference on P2P, Parallel, Grid, Cloud and Internet Computing},
doi={10.1109/3PGCIC.2013.28}
}

@Article{Nalepa2016,
author={Nalepa, Jakub
and Blocho, Miroslaw},
title={Adaptive memetic algorithm for minimizing distance in the {Vehicle Routing Problem with Time Windows}},
journal={Soft Computing},
year={2016},
volume={20},
number={6},
pages={2309--2327},
issn={1433-7479},
doi={10.1007/s00500-015-1642-4}
}


@inproceedings{NecBreRas2017,
author={Necula, R. and Breaban, M. and Raschip, M.},
title={Tackling {Dynamic Vehicle Routing Problem with Time Windows} by means of ant colony system},
year={2017},
pages={2480--2487},
bookTitle={2017 IEEE Congress on Evolutionary Computation (CEC)},
doi={10.1109/CEC.2017.7969606}
}


@inproceedings{DBLP:conf/esa/BeckerKS17,
  author    = {Becker, Amariah and
               Klein, Philip N.  and
               Saulpic, David },
  title     = {A Quasi-Polynomial-Time Approximation Scheme for {Vehicle Routing} on Planar and Bounded-Genus Graphs},
  booktitle = {25th Annual European Symposium on Algorithms, {ESA} 2017, September 4-6, 2017, Vienna, Austria},
  pages     = {12:1--12:15},
  year      = {2017},
  crossref  = {DBLP:conf/esa/2017},
  doi       = {10.4230/LIPIcs.ESA.2017.12},
  timestamp = {Thu, 23 Aug 2018 15:56:06 +0200},
  biburl    = {https://dblp.org/rec/bib/conf/esa/BeckerKS17},
  bibsource = {dblp computer science bibliography, https://dblp.org}
}

@proceedings{DBLP:conf/esa/2017,
  editor    = {Pruhs, Kirk and
                Sohler, Christian},
  title     = {25th Annual European Symposium on Algorithms, {ESA} 2017, September 4-6, 2017, Vienna, Austria},
  series    = {LIPIcs},
  volume    = {87},
  publisher = {Schloss Dagstuhl - Leibniz-Zentrum fuer Informatik},
  year      = {2017},
  url       = {http://www.dagstuhl.de/dagpub/978-3-95977-049-1},
  isbn      = {978-3-95977-049-1},
  timestamp = {Wed, 27 Sep 2017 14:22:05 +0200},
  biburl    = {https://dblp.org/rec/bib/conf/esa/2017},
  bibsource = {dblp computer science bibliography, https://dblp.org}
}



@inproceedings{DBLP:conf/esa/BeckerKS18,
  author    = { Becker, Amariah and
               Klein, Philip N.  and
               Saulpic, David },
  title     = {Polynomial-Time Approximation Schemes for k-center, k-median, and {Capacitated Vehicle Routing} in Bounded Highway Dimension},
  booktitle = {26th Annual European Symposium on Algorithms, {ESA} 2018, August 20-22, 2018, Helsinki, Finland},
  pages     = {8:1--8:15},
  year      = {2018},
  crossref  = {DBLP:conf/esa/2018},
  doi       = {10.4230/LIPIcs.ESA.2018.8},
  timestamp = {Thu, 23 Aug 2018 15:56:06 +0200},
  biburl    = {https://dblp.org/rec/bib/conf/esa/BeckerKS18},
  bibsource = {dblp computer science bibliography, https://dblp.org}
}

@proceedings{DBLP:conf/esa/2018,
  editor    = { Azar, Yossi and
                Bast, Hannah and
                Herman, Grzegorz},
  title     = {26th Annual European Symposium on Algorithms, {ESA} 2018, August 20-22, 2018, Helsinki, Finland},
  series    = {LIPIcs},
  volume    = {112},
  publisher = {Schloss Dagstuhl - Leibniz-Zentrum fuer Informatik},
  year      = {2018},
  url       = {http://www.dagstuhl.de/dagpub/978-3-95977-081-1},
  isbn      = {978-3-95977-081-1},
  timestamp = {Tue, 14 Aug 2018 17:16:34 +0200},
  biburl    = {https://dblp.org/rec/bib/conf/esa/2018},
  bibsource = {dblp computer science bibliography, https://dblp.org}
}


@Inbook{KhN-OPTA2018,
author={Khachay, Michael and Neznakhina, Katherine},
editor={Eremeev, Anton and Khachay, Michael and Kochetov, Yury and Pardalos, Panos},
title={Towards Tractability of the {Euclidean Generalized Traveling Salesman Problem in Grid Clusters} Defined by a Grid of Bounded Height},
booktitle={Optimization Problems and Their Applications},
year={2018},
series={Communications in Computer and Information Science},
volume={871},
publisher={Springer International Publishing},
address={Cham},
pages={68--77},
isbn={978-3-319-93799-1},
url={https://doi.org/10.1007/978-3-319-93800-4{\_}6},
doi={10.1007/978-3-319-93800-4{\_}6}
}


@online{Concorde,
  author = {Cook, William},
  title = {{C}oncorde {TSP} Solver},
  year = {2003},
  url = {http://www.math.uwaterloo.ca/tsp/con\-cor\-de.html},
  urldate = {2015-03-01}
}

@book{Weisberg2013,
   title =     {Applied Linear Regression},
   author =    {Weisberg, Sanford},
   publisher = {Wiley},
   isbn =      {1118386086,9781118386088},
   year =      {2013},
   edition =   {4}
}

@book{McQuarrie98,
   title =     {Regression and time series model selection},
   author =    {McQuarrie, Allan D. R. and  Tsai, Chih-Ling},
   publisher = {World Scientific},
   isbn =      {981023242X},
   year =      {1998}
}

@ARTICLE{Sesekin2014919,
author={Sesekin, A.N. and Tashlykov, O.L. and Shcheklein, S.Y. and Chentsov, A.G.},
title={Route optimization in the removal of radiation hazards},
journal={WIT Transactions on Ecology and the Environment},
year={2014},
volume={190 (2)},
pages={919-926},
doi={10.2495/EQ140862}
}

@article{Mitchell1999,
author={Mitchell, Joseph S.B.},
title={Guillotine Subdivisions Approximate Polygonal Subdivisions: A Simple Polynomial-Time Approximation Scheme for Geometric TSP, k-MST, and Related Problems},
journal={SIAM Journal on Computing},
year={1999},
volume={28},
number={4},
pages={1298--1309},
url={https://doi.org/10.1137/S0097539796309764}
}

@article{DrorOrlin2008,
author={Dror, Moshe and Orlin, James B.},
title={Combinatorial Optimization with Explicit Delineation of the Ground Set by a Collection of Subsets}, 
journal={SIAM Journal on Discrete Mathematics},
year={2008},
volume={21},
number={4},
pages={1019--1034},
doi={10.1137/050636589}
}

@article{ElbaFishSit2009,
author={Elbassioni, Khaled and Fishkin, Aleksei and Sitters, Ren{\'e}},
title={Approximation algorithms for the Euclidean traveling salesman problem with discrete and continuous neighborhoods},
journal={International Journal of Computational Geometry and Applications},
year={2009},
volume={19},
number={2},
pages={173--193},
doi={10.1142/S0218195909002897}
}

@article{Arkin1994,
 author = {Arkin, Esther M. and Hassin, Refael},
 title = {Approximation Algorithms for the Geometric Covering Salesman Problem},
 journal = {Discrete Appl. Math.},
 volume = {55},
 number = {3},
 year = {1994},
 issn = {0166-218X},
 pages = {197--218},
 url = {http://dx.doi.org/10.1016/0166-218X(94)90008-6},
 doi = {10.1016/0166-218X(94)90008-6},
 publisher = {Elsevier Science Publishers B. V.},
 address = {Amsterdam, The Netherlands, The Netherlands},
} 

@inproceedings{Dumitrescu:2001,
 author = {Dumitrescu, Adrian and Mitchell, Joseph S. B.},
 title = {Approximation Algorithms for TSP with Neighborhoods in the Plane},
 booktitle = {Proceedings of the Twelfth Annual ACM-SIAM Symposium on Discrete Algorithms},
 series = {SODA '01},
 year = {2001},
 isbn = {0-89871-490-7},
 location = {Washington, D.C., USA},
 pages = {38--46},
 numpages = {9},
 url = {http://dl.acm.org/citation.cfm?id=365411.365417},
 publisher = {Society for Industrial and Applied Mathematics},
 address = {Philadelphia, PA, USA}
} 

@inproceedings{Mitchell:2007,
 author = {Mitchell, Joseph S. B.},
 title = {A PTAS for TSP with Neighborhoods Among Fat Regions in the Plane},
 booktitle = {Proceedings of the Eighteenth Annual ACM-SIAM Symposium on Discrete Algorithms},
 series = {SODA '07},
 year = {2007},
 isbn = {978-0-898716-24-5},
 location = {New Orleans, Louisiana},
 pages = {11--18},
 numpages = {8},
 url = {http://dl.acm.org/citation.cfm?id=1283383.1283385},
 publisher = {Society for Industrial and Applied Mathematics},
 address = {Philadelphia, PA, USA}
} 

@article{Dumitrescu:2016,
 author = {Dumitrescu, Adrian and T\'{o}th, Csaba D.},
 title = {The Traveling Salesman Problem for Lines, Balls, and Planes},
 journal = {ACM Trans. Algorithms},
 volume = {12},
 number = {3},
 year = {2016},
 issn = {1549-6325},
 pages = {43:1--43:29},
 articleno = {43},
 numpages = {29},
 url = {http://doi.acm.org/10.1145/2850418},
 doi = {10.1145/2850418},
 publisher = {ACM},
 address = {New York, NY, USA}
 }
  

@book{CDESSS2008,
title = {A PTAS for the multiple depot vehicle routing problem},
author = {Cardon, S.  and Dommers, S.  and Eksin, C.  and Sitters, R.A.  and Stougie, A.  and Stougie, L.},
year = {2008},
series = {SPOR-Report: reports in statistics, probability and operations research},
publisher = {Technische Universiteit Eindhoven},
}

@article{Baker1994,
 author = {Baker, Brenda S.},
 title = {Approximation Algorithms for NP-complete Problems on Planar Graphs},
 journal = {J. ACM},
 volume = {41},
 number = {1},
 year = {1994},
 issn = {0004-5411},
 pages = {153--180},
 url = {http://doi.acm.org/10.1145/174644.174650},
 doi = {10.1145/174644.174650},
 acmid = {174650},
 publisher = {ACM}
} 

@article{Cassettari2018,
AUTHOR = {Cassettari, Lucia and Demartini, Melissa and Mosca, Roberto and Revetria, Roberto and Tonelli, Flavio},
TITLE = {A Multi-Stage Algorithm for a Capacitated Vehicle Routing Problem with Time Constraints},
JOURNAL = {Algorithms},
VOLUME = {11},
YEAR = {2018},
NUMBER = {5},
ARTICLE-NUMBER = {69},
URL = {http://www.mdpi.com/1999-4893/11/5/69},
ISSN = {1999-4893},
DOI = {10.3390/a11050069}
}

@article{TING2017146,
title = {Multi-vehicle selective pickup and delivery using metaheuristic algorithms},
journal = {Information Sciences},
volume = {406-407},
pages = {146--169},
year = {2017},
issn = {0020-0255},
doi = {https://doi.org/10.1016/j.ins.2017.04.001},
url = {http://www.sciencedirect.com/science/article/pii/S0020025517306436},
author = {Ting, Chuan-Kang  and  Liao, Xin-Lan and  Huang, Yu-Hsuan and  Liaw, Rung-Tzuo}
}

@article{ChenYunFeng2015,
    author = {Chen, Xiaopan AND Kong, Yunfeng AND Dang, Lanxue AND Hou, Yane AND Ye, Xinyue},
    journal = {PLOS ONE},
    publisher = {Public Library of Science},
    title = {Exact and Metaheuristic Approaches for a Bi-Objective School Bus Scheduling Problem},
    year = {2015},
    month = {07},
    volume = {10},
    url = {https://doi.org/10.1371/journal.pone.0132600},
    pages = {1-20},
    number = {7},
    doi = {10.1371/journal.pone.0132600}
}

@article{CKK-IFAC2016,
title = {Linear time algorithm for Precedence Constrained {A}symmetric {G}eneralized {T}raveling {S}alesman {P}roblem},
journal = {IFAC-PapersOnLine},
volume = {49},
number = {12},
pages = {651 -- 655},
year = {2016},
note = {8th IFAC Conference on Manufacturing Modelling, Management and Control MIM 2016},
issn = {2405-8963},
doi = {https://doi.org/10.1016/j.ifacol.2016.07.767},
url = {http://www.sciencedirect.com/science/article/pii/S2405896316310485},
author = {Chentsov, Alexander  and Khachay, Michael and Khachay, Daniel}
}

@INPROCEEDINGS{Mugayskikh2018,
author={{Mugayskikh}, A. V.  and {Zakharov}, V. V.  and {Tuovinen}, T.},
booktitle={2018 22nd Conference of Open Innovations Association (FRUCT)},
title={Time-Dependent Multiple Depot Vehicle Routing Problem on Megapolis Network under Wardrop's Traffic Flow Assignment},
year={2018},
volume={},
number={},
pages={173--178},
doi={10.23919/FRUCT.2018.8468273},
ISSN={2305-7254}
}

@article{KhO2018-Trudy,
title={Polynomial time approximation scheme for the capacitated vehicle routing problem with time windows},
author={Khachai, M.Y. and Ogorodnikov, Y.Y.},
journal={Trudy instituta matematiki i mekhaniki {UrO} {RAN}},
year={2018},
volume={24},
issue={3},
number={3},
pages={233--246},
doi={10.21538/0134-4889-2018-24-3-233-246}
}

@inproceedings{NG2017,
author={K.K.H. Ng and C.K.M. Lee and S.Z. Zhang and Kan Wu and William Ho},
title={A multiple colonies artificial bee colony algorithm for a capacitated vehicle routing problem and re-routing strategies under time-dependent traffic congestion},
journal={Computers & Industrial Engineering},
volume={109},
pages={151--168},
year={2017},
issn={0360-8352},
doi={https://doi.org/10.1016/j.cie.2017.05.004},
url={http://www.sciencedirect.com/science/article/pii/S0360835217301948}
}

@article{Gonz2018,
author = {M González, Oscar and Segura, Carlos and Valdez Peña, Sergio},
year = {2018},
month = {04},
pages = {},
title = {A Parallel Memetic Algorithm to Solve the Capacitated Vehicle Routing Problem with Time Windows}
}

@article{Borcinova2017,
author = {Borčinova, Zuzana},
year = {2017},
month = {12},
pages = {463-469},
title = {Two models of the capacitated vehicle routing problem},
volume = {8},
journal = {Croatian Operational Research Review},
doi = {10.17535/crorr.2017.0029}
}

@article{Kara2011,
author = {Kara, Imdat},
year = {2011},
month = {08},
pages = {},
title = {Arc based integer programming formulations for the Distance Constrained Vehicle Routing problem},
journal = {LINDI 2011 - 3rd IEEE International Symposium on Logistics and Industrial Informatics, Proceedings},
doi = {10.1109/LINDI.2011.6031159}
}

@article{Bula2016,
title = {Mixed Integer Linear Programming Model for Vehicle Routing Problem for Hazardous Materials Transportation},
journal = {IFAC-PapersOnLine},
volume = {49},
number = {12},
pages = {538 -- 543},
year = {2016},
doi = {10.1016/j.ifacol.2016.07.691},
url = {http://www.sciencedirect.com/science/article/pii/S2405896316309673},
author = {Bula, Gustavo Alfredo and  Gonzalez, Fabio Augusto and  Prodhon, Caroline and  Afsar, H. Murat and  Velasco, Nubia Milena}
}




@book{Anbuudayasankar2014,
   title =     {Models for Practical Routing Problems in Logistics: Design and Practices},
   author =    {Anbuudayasankar, S. P.  and Ganesh, K.  and Mohapatra, Sanjay (auth.)},
   publisher = {Springer International Publishing},
   isbn =      {978-3-319-05034-8,978-3-319-05035-5},
   year =      {2014},
   series =    {},
   edition =   {1},
   volume =    {},
   url={https://doi.org/10.1007/978-3-319-05035-5}
}

@Article{Cattaruzza2017,
author={Cattaruzza, Diego and Absi, Nabil and Feillet, Dominique and Gonz{\'a}lez-Feliu, Jes{\'u}s},
title={Vehicle routing problems for city logistics},
journal={EURO Journal on Transportation and Logistics},
year={2017},
volume="6",
number={1},
pages={51--79},
doi={10.1007/s13676-014-0074-0},
url={https://doi.org/10.1007/s13676-014-0074-0}
}

@book{Williamson2011,
 author = {Williamson, David P. and Shmoys, David B.},
 title = {The Design of Approximation Algorithms},
 year = {2011},
 isbn = {0521195276, 9780521195270},
 edition = {1st},
 publisher = {Cambridge University Press},
 address = {New York, NY, USA}
} 

@Inbook{Demir2019,
author={Demir, Emrah and Huckle, Katy and Syntetos, Aris and Lahy, Andrew and Wilson, Mike},
editor={Wells, Peter},
title={Vehicle Routing Problem: Past and Future},
bookTitle={Contemporary Operations and Logistics: Achieving Excellence in Turbulent Times},
year={2019},
publisher={Springer International Publishing},
address={Cham},
pages={97--117},
isbn={978-3-030-14493-7},
doi={10.1007/978-3-030-14493-7{\_}7}
}

@article{Pecin2017,
author={Pecin, Diego and Pessoa, Artur and Poggi, Marcus and Uchoa, Eduardo},
title={Improved branch-cut-and-price for capacitated vehicle routing},
journal={Mathematical Programming Computation},
year={2017},
volume={9},
number={1},
pages={61--100},
doi={10.1007/s12532-016-0108-8}
}

@Article{Baldacci2008,
author={Baldacci, Roberto and Christofides, Nicos and Mingozzi, Aristide},
title={An exact algorithm for the vehicle routing problem based on the set partitioning formulation with additional cuts},
journal={Mathematical Programming},
year={2008},
volume={115},
number={2},
pages={351--385},
doi={10.1007/s10107-007-0178-5},
url={https://doi.org/10.1007/s10107-007-0178-5}
}

@article{PessoaSU18,
  author    = {Pessoa, Artur Alves  and Sadykov, Ruslan  and Uchoa, Eduardo},
  title     = {Enhanced Branch-Cut-and-Price algorithm for heterogeneous fleet vehicle                routing problems},
  journal   = {European Journal of Operational Research},
  volume    = {270},
  number    = {2},
  pages     = {530--543},
  year      = {2018},
  doi       = {10.1016/j.ejor.2018.04.009},
}

@inproceedings{PessoaSUV19,
  author    = {Pessoa, Artur Alves and  Sadykov, Ruslan and Uchoa, Eduardo and Vanderbeck, Fran{\c{c}}ois},
  title     = {A Generic Exact Solver for Vehicle Routing and Related Problems},
  booktitle = {Integer Programming and Combinatorial Optimization - 20th International
               Conference, {IPCO} 2019, Ann Arbor, MI, USA, May 22-24, 2019, Proceedings},
  pages     = {354--369},
  year      = {2019},
  crossref  = {DBLP:conf/ipco/2019},
  url       = {https://doi.org/10.1007/978-3-030-17953-3\_27},
  doi       = {10.1007/978-3-030-17953-3\_27},
}

@proceedings{DBLP:conf/ipco/2019,
  editor    = {Lodi, Andrea  and  Nagarajan, Viswanath},
  title     = {Integer Programming and Combinatorial Optimization - 20th International
               Conference, {IPCO} 2019, Ann Arbor, MI, USA, May 22-24, 2019, Proceedings},
  series    = {Lecture Notes in Computer Science},
  volume    = {11480},
  publisher = {Springer},
  year      = {2019},
  url       = {https://doi.org/10.1007/978-3-030-17953-3},
  doi       = {10.1007/978-3-030-17953-3},
  isbn      = {978-3-030-17952-6},
}

@article{Arnold201932,
title = {Knowledge-guided local search for the vehicle routing problem},
author = {Arnold, Florian  and  S{\"o}rensen, Kenneth},
journal = {Computers {\&} Operations Research},
volume = {105},
pages = {32--46},
year = {2019},
doi = {10.1016/j.cor.2019.01.002}
}

@article{Zachariadis2010,
title = {A strategy for reducing the computational complexity of local search-based methods for the vehicle routing problem},
journal = {Computers {\&} Operations Research},
volume = {37},
number = {12},
pages = {2089--2105},
year = {2010},
doi = {https://doi.org/10.1016/j.cor.2010.02.009},
url = {http://www.sciencedirect.com/science/article/pii/S0305054810000535},
author = {Zachariadis, Emmanouil E.  and Kiranoudis, Chris T.}
}

@article{QiuU2018102,
title = {A Tabu Search algorithm for the vehicle routing problem with discrete split deliveries and pickups},
journal = {Computers {\&} Operations Research},
volume = {100},
pages = {102--116},
year = {2018},
doi = {10.1016/j.cor.2018.07.021},
author = {Qiu, Meng and  Fu, Zhuo and  Eglese, Richard and  Tang, Qiong},
}

@article{Polat201771,
title = {A parallel variable neighborhood search for the vehicle routing problem with divisible deliveries and pickups},
journal = {Computers {\&} Operations Research},
volume = {85},
pages = {71--86},
year = {2017},
doi = {10.1016/j.cor.2017.03.009},
author = "Polat, Olcay"
}

@InProceedings{Becker2019,
author={Becker, Amariah and Klein, Philip N. and Schild, Aaron},
editor={Friggstad, Zachary and Sack, J{\"o}rg-R{\"u}diger and Salavatipour, Mohammad R},
title={A {PTAS} for Bounded-Capacity Vehicle Routing in Planar Graphs},
booktitle={Algorithms and Data Structures},
year={2019},
publisher={Springer International Publishing},
doi={10.1007/978-3-030-24766-9{\_}8},
address={Cham},
pages={99--111},
}

@article{Bartal2016,
author = {Bartal, Yair. and Gottlieb, Lee-Ad. and Krauthgamer, Robert.},
title = {The {Traveling Salesman Problem}: Low-Dimensionality Implies a Polynomial Time Approximation Scheme},
journal = {SIAM Journal on Computing},
volume = {45},
number = {4},
pages = {1563--1581},
year = {2016},
doi = {10.1137/130913328}
}

@article{Abraham2011,
title = "Advances in metric embedding theory",
journal = "Advances in Mathematics",
volume = "228",
number = "6",
pages = "3026 - 3126",
year = "2011",
issn = "0001-8708",
doi = "10.1016/j.aim.2011.08.003",
author = "Ittai Abraham and Yair Bartal and Ofer Neiman"
}

@phdthesis{van_hoorn2016,
author = {Hoorn, Jelke Jeroen van},
year = {2016},
pages = {67--83},
title = {Dynamic programming for routing and scheduling: Optimizing sequences of decisions},
doi = {10.13140/RG.2.2.14344.88329}
}

@article{Assouad1983,
author = {Assouad, Patrice},
journal = {Bulletin de la Soci{\'e}t{\'e} Math{\'e}matique de France},
pages = {429--448},
publisher = {Soci{\'e}t{\'e} math{\'e}matique de France},
title = {Plongements lipschitziens dans $\mathbb{R}^n$},
url = {http://eudml.org/doc/87452},
volume = {111},
year = {1983}
}

@article{Laporte2009,
  title={Fifty Years of Vehicle Routing},
  author={Laporte, Gilbert},
  journal={Transportation Science},
  year={2009},
  volume={43},
  pages={408-416},
  doi={10.1287/trsc.1090.0301}
}

@article{Hokama2016,
title = {A branch-and-cut approach for the vehicle routing problem with loading constraints},
journal = {Expert Systems with Applications},
volume = {47},
pages = {1--13},
year = {2016},
issn = {0957-4174},
doi = {https://doi.org/10.1016/j.eswa.2015.10.013},
author = {Hokama, Pedro  and  Miyazawa, Fl{\'a}vio K. and Xavier, Eduardo C.},
}

@article{Drexl2014,
author = {Drexl, Michael},
title = {Branch-and-cut algorithms for the vehicle routing problem with trailers and transshipments},
journal = {Networks},
volume = {63},
number = {1},
pages = {119--133},
doi = {10.1002/net.21526},
year = {2014}
}

@article{Aggarwal2019,
author={Aggarwal, Divya
and Kumar, Vijay},
title={Performance evaluation of distance metrics on Firefly Algorithm for VRP with time windows},
journal={International Journal of Information Technology},
year={2019},
month={Nov},
day={29},
doi={10.1007/s41870-019-00387-7}
}

@article{Su-PingWei-Wei2016,
author = {Su-Ping, Yu and Wei-Wei, Mao},
year = {2016},
month = {10},
pages = {327-334},
title = {An Improved Ant Colony Optimization for VRP with Time Windows},
volume = {9},
journal = {International Journal of Signal Processing, Image Processing and Pattern Recognition},
doi = {10.14257/ijsip.2016.9.10.31}
}

@article{AvdoshinBeresneva2019,
author = {Avdoshin, Sergey and Beresneva, Ekaterina},
year = {2019},
pages = {121-138},
title = {Local search metaheuristics for Capacitated Vehicle Routing Problem: a comparative study},
volume = {31},
journal = {Proceedings of the Institute for System Programming of RAS},
doi = {10.15514/ISPRAS-2019-31(4)-8}
}

@article{Chen2019,
author = {Chen and Gui and Ding and Zhou},
year = {2019},
article-number = {6584},
title = {Optimization of Transportation Routing Problem for Fresh Food by Improved Ant Colony Algorithm Based on Tabu Search},
volume = {11},
journal = {Sustainability},
doi = {10.3390/su11236584}
}

@article{Gokalp2019,
author = {G{\"ö}kalp, Osman and Ugur, Aybars},
year = {2019},
pages = {3516-3531},
title = {Solving vehicle routing problem for multistorey buildings using iterated local search},
volume = {27},
journal = {Turkish Journal of Electrical Engineering and Computer Sciences},
doi = {10.3906/elk-1803-96}
}

@article{Frifita2020,
author = {Frifita, Sana and Masmoudi, Malek},
title = {{VNS} methods for home care routing and scheduling problem with temporal dependencies, and multiple structures and specialties},
journal = {International Transactions in Operational Research},
volume = {27},
number = {1},
pages = {291-313},
doi = {10.1111/itor.12604},
year = {2020}
}

@inproceedings{Nazari2018,
 author = {Nazari, Mohammadreza and Oroojlooy, Afshin and Tak\'{a}\v{c}, Martin and Snyder, Lawrence V.},
 title = {Reinforcement Learning for Solving the Vehicle Routing Problem},
 year = {2018},
 publisher = {Curran Associates Inc.},
 address = {Red Hook, NY, USA},
 booktitle = {Proceedings of the 32nd International Conference on Neural Information Processing Systems},
 pages = {9861–9871},
 numpages = {11},
 location = {Montr\'{e}al, Canada},
 series = {NIPS’18}
}

@article{KhO-PSIM2019,
author={Khachai, M.Yu. and Ogorodnikov, Yu.Yu.},
title={Polynomial-time approximation scheme for the capacitated vehicle routing problem with time windows},
year={2019},
volume={307},
issue={suppl. 1},
number={suppl. 1},
journal = {Proc. of the Steklov institute of Mathematics},
pages={S51-S63},
doi={10.1134/S0081543819070058}
}

@inproceedings{Talwar2004,
 author = {Talwar, Kunal},
 title = {Bypassing the Embedding: Algorithms for Low Dimensional Metrics},
 year = {2004},
 isbn = {1581138520},
 publisher = {Association for Computing Machinery},
 address = {New York, NY, USA},
 doi = {10.1145/1007352.1007399},
 booktitle = {Proceedings of the Thirty-Sixth Annual ACM Symposium on Theory of Computing},
 pages = {281–290},
 numpages = {10},
 keywords = {PTAS, distance labels, routing schemes, TSP, doubling metrics},
 location = {Chicago, IL, USA},
 series = {STOC ’04}
}

@article{KhO2019-Trudy,
title={{H}aimovich - {R}innooy {K}an {P}olynomial-{T}ime {A}pproximation {S}cheme for the {CVRP} in metric spaces of a fixed doubling dimension},
author={Khachai, M.Y. and Ogorodnikov, Y.Y.},
journal={Trudy instituta matematiki i mekhaniki {UrO} {RAN}},
year={2019},
volume={25},
issue={4},
number={4},
pages={235--248},
doi={10.21538/0134-4889-2019-25-4-235-248}
}

@INPROCEEDINGS{GKL2003,
author={Gupta, A.  and Krauthgamer, R. and Lee, J. R.},
booktitle={44th Annual IEEE Symposium on Foundations of Computer Science, 2003. Proceedings.},
title={Bounded geometries, fractals, and low-distortion embeddings},
year={2003},
pages={534--543},
doi={10.1109/SFCS.2003.1238226},
ISSN={0272-5428}
}

@inproceedings{KOK2020-MOTOR,
 author = {Khachay, M. and Ogorodnikov, Y. and Khachay, D.},
 title = {An extension of the {D}as and {M}athieu {QPTAS} to the case of polylog capacity constrained {CVRP} in metric spaces of a fixed doubling dimension (accepted)},
 booktitle={Mathematical Optimization Theory and Operations Research -- 19th International conference
(MOTOR 2020). Proceedings},
 year = {2020},
 series={LNCS},
 volume={12095},
 publisher={Springer International Publishing}
}

@article{CASTELINO2003173,
title = {Toolpath optimization for minimizing airtime during machining},
journal = {Journal of Manufacturing Systems},
volume = {22},
number = {3},
pages = {173 -- 180},
year = {2003},
doi = {10.1016/S0278-6125(03)90018-5},
url = {http://www.sciencedirect.com/science/article/pii/S0278612503900185},
author = {Castelino, Kenneth and  D'Souza, Roshan and Wright, Paul K.},
}

@article{SALMAN2016138,
title = {An Industrially Validated {CMM} Inspection Process with Sequence Constraints},
journal = {Procedia CIRP},
volume = {44},
pages = {138 -- 143},
year = {2016},
note = {6th CIRP Conference on Assembly Technologies and Systems (CATS)},
doi = {10.1016/j.procir.2016.02.136},
url = {http://www.sciencedirect.com/science/article/pii/S2212827116004182},
author = {Salman, Raad  and  Carlson, Johan S. and  Ekstedt, Fredrik and  Spensieri, Domenico and  Torstensson, Johan and  S\"{o}derberg, Rikard},
}

@article{DEWIL2016,
author={Dewil, Reginald and Vansteenwegen, Pieter and Cattrysse, Dirk},
year={2016},
title={A review of cutting path algorithms for laser cutters},
journal={The International Journal of Advanced Manufacturing Technology},
volume={87},
number={5},
pages={1865--1884},
url={https://doi.org/10.1007/s00170-016-8609-1}
}

@article{DEWIL2014,
author = {Dewil, Reginald  and  Vansteenwegen, Pieter and  Cattrysse, Dirk},
title = {Construction heuristics for generating tool paths for laser cutters},
journal = {International Journal of Production Research},
volume = {52},
number = {20},
pages = {5965--5984},
year  = {2014},
publisher = {Taylor & Francis},
doi = {10.1080/00207543.2014.895064}
}

@article{DEWIL2015,
author = {Dewil, Reginald  and  Vansteenwegen, Pieter and  Cattrysse, Dirk and  Laguna, Manuel and Vossen, Thomas},
title = {An improvement heuristic framework for the laser cutting tool path problem},
journal = {International Journal of Production Research},
volume = {53},
number = {6},
pages = {1761--1776},
year  = {2015},
publisher = {Taylor & Francis},
doi = {10.1080/00207543.2014.959268}
}

@article{QUDEIRI2007,
  title={Optimization of Operation Sequence in {CNC} Machine Tools Using Genetic Algorithm},
  author={Qudeiri, Jaber Abu and  Yamamoto, Hidehiko and  Ramli, Rizauddin},
  journal={Journal of Advanced Mechanical Design, Systems, and Manufacturing},
  volume={1},
  number={2},
  pages={272--282},
  year={2007},
  doi={10.1299/jamdsm.1.272}
}

@article{DEWIL2019,
author={Dewil, Reginald and K\"{u}\c{c}\"{u}ko\v{g}lu, \.{I}lker and Luteyn, Corrinne and Cattrysse, Dirk},
year={2019},
title={A Critical Review of Multi-hole Drilling Path Optimization},
journal={Archives of Computational Methods in Engineering},
pages={449--459},
volume={26},
number={2},
url={https://doi.org/10.1007/s11831-018-9251-x}
}

@article{Petunin2018,
author = {Chentsov, Alexander G.  and Chentsov, Pavel A.  and Petunin, Alexander A.  and Sesekin, Alexander N.},
title = {Model of megalopolises in the tool path optimisation for {CNC} plate cutting machines},
journal = {International Journal of Production Research},
volume = {56},
number = {14},
pages = {4819--4830},
year  = {2018},
publisher = {Taylor & Francis},
URL = { 
        https://doi.org/10.1080/00207543.2017.1421784  
}
}

@ARTICLE{Makarovskikh20181171,
author={Makarovskikh, T.A. and Panyukov, A.V. and Savitskiy, E.A.},
title={Mathematical models and routing algorithms for economical cutting tool paths},
journal={International Journal of Production Research},
year={2018},
volume={56},
number={3},
pages={1171--1188},
doi={10.1080/00207543.2017.1401746},
}

@article{Karuppusamy2017,
author = {Karuppusamy, Naveen Senniappan and  Kang, Bo-Yeong},
title ={Minimizing airtime by optimizing tool path in computer numerical control machine tools with application of {$A^*$} and genetic algorithms},
journal = {Advances in Mechanical Engineering},
volume = {9},
number = {12},
pages = {1687814017737448},
year = {2017},
doi = {10.1177/1687814017737448}  
}

@InProceedings{KhN-OPTA-2018,
author={Khachay, Michael and Neznakhina, Katherine},
editor={Eremeev, Anton and Khachay, Michael and Kochetov, Yury and Pardalos, Panos},
title={Towards Tractability of the Euclidean Generalized Traveling Salesman Problem in Grid Clusters Defined by a Grid of Bounded Height},
booktitle={Optimization Problems and Their Applications},
year={2018},
publisher={Springer International Publishing},
address={Cham},
pages={68--77},
doi={10.1007/978-3-319-93800-4\_6}
}

@article{KhN-AMAI-2020,
author={Khachay, Michael and Neznakhina, Katherine},
year={2020},
title={Complexity and approximability of the {E}uclidean {G}eneralized {T}raveling {S}alesman {P}roblem in grid clusters},
journal={Annals of Mathematics and Artificial Intelligence},
pages={53--69},
volume={88},
number={1},
doi={10.1007/s10472-019-09626-w}
}

@article{Chentsov2014,
author={Chentsov, Alexander},
title={Problem of successive megalopolis traversal with the precedence conditions},
journal={Automation and Remote Control},
pages={728--744},
volume={75},
number={4},
year={2014},
doi={10.1134/S0005117914040122}
}

@article{SALMAN2020163,
title = {Branch-and-bound for the {P}recedence {C}onstrained {G}eneralized {T}raveling {S}alesman {P}roblem},
journal = {Operations Research Letters},
volume = {48},
number = {2},
pages = {163--166},
year = {2020},
issn = {0167-6377},
doi = {10.1016/j.orl.2020.01.009},
author = {Salman, Raad  and  Ekstedt, Fredrik and  Damaschke, Peter}
}

@article{SMITH20171,
title = {{GLNS}: An effective large neighborhood search heuristic for the {G}eneralized {T}raveling {S}alesman {P}roblem},
journal = {Computers {\&} Operations Research},
volume = {87},
pages = {1--19},
year = {2017},
doi = {10.1016/j.cor.2017.05.010},
author = {Smith, Stephen L. and  Imeson, Frank},
}

@misc{GUROBI,  
author = {Gurobi Optimization, LLC},  
title = {Gurobi Optimizer Reference Manual},  
year = {2020},  
url = {http://www.gurobi.com}
}

@misc{PCGLNS,  
author = {Kudriavtsev, Andrei and Khachay, Michael},  
title = {{PCGLNS}: adaptive heuristic solver for the {P}recedence {C}onstrained {GTSP}},  
year = {2020},  
url = {https://github.com/AndreiKud/PCGLNS/}
}

@article{ROBERTI2012,
author={Roberti, Roberto and Toth, Paolo},
title={Models and algorithms for the {A}symmetric {T}raveling {S}alesman {P}roblem: an experimental comparison},
year={2012},
pages={113--133},
volume={1},
number={1},
doi={10.1007/s13676-012-0010-0}
}

@article{SARIN2005,
author = {Sarin, Subhash C. and Sherali, Hanif D. and Bhootra, Ajay},
title = {New Tighter Polynomial Length Formulations for the {A}symmetric {T}raveling {S}alesman {P}roblem with and without Precedence Constraints},
year = {2005},
publisher = {Elsevier Science Publishers B. V.},
address = {NLD},
volume = {33},
number = {1},
issn = {0167-6377},
doi = {10.1016/j.orl.2004.03.007},
journal = {Oper. Res. Lett.},
pages = {62--70}
}

@book{MetaheuristicsBook2019,
   title =     {Handbook of Metaheuristics},
   author =    {Gendreau, Michel and  Potvin, Jean-Yves},
   publisher = {Springer International Publishing},
   isbn =      {978-3-319-91085-7; 978-3-319-91086-4},
   year =      {2019},
   series =    {International Series in Operations Research \& Management Science 272},
   edition =   {3rd}
}

@article{MorinMarsten1976,
 ISSN = {0030364X, 15265463},
 URL = {http://www.jstor.org/stable/169764},
 author = {Morin, Thomas L.  and  Marsten, Roy E.},
 journal = {Operations Research},
 number = {4},
 pages = {611--627},
 publisher = {INFORMS},
 title = {Branch-And-Bound Strategies for Dynamic Programming},
 volume = {24},
 year = {1976}
}

@article{Steiner1990,
title={On the complexity of dynamic programming for sequencing problems with precedence constraints},
author={Steiner, G.},
journal={Ann Oper Res},
volume={26},
pages={103--123},
url={https://doi.org/10.1007/BF02248587}
}

@article{SKGS1969,
author={Srivastava, S. and Kumar, S and Garg, R and Sen, P.},
journal={CORS journal},
year = {1969},
volume = {7},
issue = {2},
number = {2},
pages = {97-101},
title={{G}eneralized {T}raveling {S}alesman {P}roblem through n sets of nodes}
}	

@article{HeldKarp1962,
 ISSN = {03684245},
 URL = {http://www.jstor.org/stable/2098806},
 author = {Held, Michael and  Karp, Richard M.},
 journal = {Journal of the Society for Industrial and Applied Mathematics},
 number = {1},
 pages = {196--210},
 publisher = {Society for Industrial and Applied Mathematics},
 title = {A Dynamic Programming Approach to Sequencing Problems},
 volume = {10},
 year = {1962}
}

@article{NoonBean1993,
author = {Noon, Charles E.  and  Bean, James C.},
title = {An Efficient Transformation Of The Generalized Traveling Salesman Problem},
journal = {INFOR: Information Systems and Operational Research},
volume = {31},
number = {1},
pages = {39--44},
year  = {1993},
publisher = {Taylor & Francis},
doi = {10.1080/03155986.1993.11732212}
}

@article{LaporteSemet1999,
author = {Laporte, Gilbert  and  Semet, Fr\'{e}d\'{e}ric},
title = {Computational Evaluation Of A Transformation Procedure For The Symmetric Generalized Traveling Salesman Problem},
journal = {INFOR: Information Systems and Operational Research},
volume = {37},
number = {2},
pages = {114--120},
year  = {1999},
publisher = {Taylor & Francis},
doi = {10.1080/03155986.1999.11732374}
}

@article{KaraGut2012,
title = {Efficient local search algorithms for known and new neighborhoods for the generalized traveling salesman problem},
journal = {European Journal of Operational Research},
volume = {219},
number = {2},
pages = {234-251},
year = {2012},
issn = {0377-2217},
doi = {10.1016/j.ejor.2012.01.011},
url = {https://www.sciencedirect.com/science/article/pii/S0377221712000288},
author = {Karapetyan, D.  and Gutin, G.},
}

@article{Yuan2020,
title = {A branch-and-cut algorithm for the generalized traveling salesman problem with time windows},
journal = {European Journal of Operational Research},
volume = {286},
number = {3},
pages = {849--866},
year = {2020},
issn = {0377-2217},
doi = {10.1016/j.ejor.2020.04.024},
url = {https://www.sciencedirect.com/science/article/pii/S0377221720303581},
author = {Yuan, Yuan and  Cattaruzza, Diego and  Ogier, Maxime and  Semet, Fr{\'e}d{\'e}ric},
}

@InProceedings{KKP-optima2020,
author={Khachay, Michael
and Kudriavtsev, Andrei
and Petunin, Alexander},
editor={Olenev, Nicholas
and Evtushenko, Yuri
and Khachay, Michael
and Malkova, Vlasta},
title={{PCGLNS}: A Heuristic Solver for the {P}recedence {C}onstrained {G}eneralized {T}raveling {S}alesman {P}roblem},
booktitle={Optimization and Applications},
series={Lecture Notes in Computer Science},
year={2020},
volume={12422},
publisher={Springer International Publishing},
address={Cham},
pages={196--208},
isbn={978-3-030-62867-3},
doi={10.1007/978-3-030-62867-3\_15}
}

@misc{GitHub,  
author = {Ukolov, Stanislav and Khachay, Michael},  
title = {Branch-and-Bound algorithm for the {P}recedence {C}onstrained {GTSP}},  
year = {2021},  
url = {https://github.com/ukoloff/PCGTSP-BnB}
}
