@article{berlin2019,
	author = {Petunin, A. A. and Polishchuk, E. G. and Ukolov, S. S.},
	title = {{On the new Algorithm for Solving Continuous Cutting Problem}},
	journal = {IFAC-PapersOnLine},
	volume = {52},
	number = {13},
	pages = {2320--2325},
	year = {2019},
	month = {Jan},
	issn = {2405-8963},
	publisher = {Elsevier},
	doi = {10.1016/j.ifacol.2019.11.552}
}
@article{Sozopol,
	author = {Petunin, A. A. and Polishuk, E. G. and Chentsov, A. G. and Chentsov, P. A. and Ukolov, S. S.},
	title = {{About some types of constraints in problems of routing}},
	journal = {AIP Conference Proceedings},
	volume = {1789},
	number = {1},
	pages = {060002},
	year = {2016},
	month = {Dec},
	issn = {0094-243X},
	publisher = {American Institute of Physics},
	doi = {10.1063/1.4968494}
}
@article{Miskolc,
	author = {Petunin, Aleksandr A. and Polyshuk, Efim G. and Chentsov, Pavel A. and Ukolov, Stanislav S. and Krotov, Vladimir I.},
	title = {The termal deformation reducing in sheet metal at manufacturing parts by CNC cutting machines},
	journal = {IOP Publishing},
	volume = {613},
	pages = {012041},
	year = {2020},
	issn = {1757-899X},
	publisher = {IOP Publishing},
	doi = {10.1088/1757-899x/613/1/012041}
}
@article{Obuhovo,
	author = {Tavaeva, Anastasia and Petunin, Alexander and Ukolov, Stanislav and Krotov, Vladimir},
	title = {{A Cost Minimizing at Laser Cutting of Sheet Parts on CNC Machines}},
	journal = {SpringerLink},
	pages = {422--437},
	year = {2019},
	month = {Jul},
	publisher = {Springer, Cham},
	doi = {10.1007/978-3-030-33394-2_33}
}
