@article{bi:VNS,
	author = {Hansen, Pierre and Mladenovi{\ifmmode\acute{c}\else\'{c}\fi}, Nenad and Moreno P{\ifmmode\acute{e}\else\'{e}\fi}rez, Jos{\ifmmode\acute{e}\else\'{e}\fi} A.},
	title = {{Variable neighbourhood search: methods and applications}},
	journal = {Annals of Operations Research},
	volume = {175},
	number = {1},
	pages = {367--407},
	year = {2010},
	month = {Mar},
	issn = {1572-9338},
	publisher = {Springer US},
	doi = {10.1007/s10479-009-0657-6}
}
