@article{berlin2019,
  keywords = {woscopus},
	author = {Petunin, A. A. and Polishchuk, E. G. and Ukolov, S. S.},
	title = {{On the new Algorithm for Solving Continuous Cutting Problem}},
	journal = {IFAC-PapersOnLine},
	volume = {52},
	number = {13},
	pages = {2320--2325},
	year = {2019},
	month = {Jan},
	issn = {2405-8963},
	publisher = {Elsevier},
	doi = {10.1016/j.ifacol.2019.11.552}
}
@article{Sozopol,
  keywords = {woscopus},
	author = {Petunin, A. A. and Polishuk, E. G. and Chentsov, A. G. and Chentsov, P. A. and Ukolov, S. S.},
	title = {{About some types of constraints in problems of routing}},
	journal = {AIP Conference Proceedings},
	volume = {1789},
	number = {1},
	pages = {060002-1--060002-8},
	year = {2016},
	month = {Dec},
	issn = {0094-243X},
	publisher = {American Institute of Physics},
	doi = {10.1063/1.4968494}
}
@article{Miskolc,
  keywords = {woscopus},
	author = {Petunin, Aleksandr A. and Polyshuk, Efim G. and Chentsov, Pavel A. and Ukolov, Stanislav S. and Krotov, Vladimir I.},
	title = {The termal deformation reducing in sheet metal at manufacturing parts by CNC cutting machines},
	journal = {IOP Publishing},
	volume = {613},
	pages = {012041-1--012041-5},
	year = {2020},
	issn = {1757-899X},
	publisher = {IOP Publishing},
	doi = {10.1088/1757-899x/613/1/012041}
}
@incollection{Obuhovo,
  keywords = {woscopus},
	author = {Tavaeva, Anastasia and Petunin, Alexander and Ukolov, Stanislav and Krotov, Vladimir},
	title = {{A Cost Minimizing at Laser Cutting of Sheet Parts on CNC Machines}},
	booktitle = {{Mathematical Optimization Theory and Operations Research}},
	journal = {SpringerLink},
	pages = {422--437},
	year = {2019},
	month = {Oct},
	isbn = {978-3-030-33393-5},
	publisher = {Springer},
	address = {Cham, Switzerland},
	doi = {10.1007/978-3-030-33394-2_33}
}
@incollection{2021,
  keywords = {woscopus},
	author = {Petunin, Alexander and Polishchuk, Efim and Ukolov, Stanislav},
	title = {{A Novel Algorithm for Construction of the Shortest Path Between a Finite Set of Nonintersecting Contours on the Plane}},
	booktitle = {{Advances in Optimization and Applications}},
	journal = {SpringerLink},
	pages = {70--83},
	year = {2021},
	month = {Jan},
	isbn = {978-3-030-65738-3},
	publisher = {Springer},
	address = {Cham, Switzerland},
	doi = {10.1007/978-3-030-65739-0_6}
}
@incollection{Petunin2021,
  keywords = {woscopus},
	author = {Petunin, Alexander and Khalyavka, Alexander and Khachay, Michael and Kudriavtsev, Andrei and Chentsov, Pavel and Polishchuk, Efim and Ukolov, Stanislav},
	title = {{Library of Sample Image Instances for the Cutting Path Problem}},
	booktitle = {{Pattern Recognition. ICPR International Workshops and Challenges, 2021, Proceedings}},
	journal = {Ural Federal University's Research Portal},
	pages = {227--233},
	year = {2021},
	publisher = {Springer},
	address = {Berlin, Germany},
	doi = {10.1007/978-3-030-68821-9_21}
}
@incollection{Petunin2020Nov,
  keywords = {woscopus},
	author = {Petunin, A. A. and Chentsov, P. A. and Polishchuk, E. G. and Ukolov, S. S. and Martynov, V. V.},
	title = {{Optimum routing algorithms for control programs design in the CAM systems for CNC sheet cutting machines}},
	booktitle = {{Proceedings of the X All-Russian Conference <<Actual Problems of Applied Mathematics and Mechanics>> with International Participation, Dedicated to the Memory of Academician A.F. Sidorov and 100th Anniversary of UrFU: AFSID-2020}},
	journal = {{\cyrchar\CYRN}{\cyrchar\cyra}{\cyrchar\cyru}{\cyrchar\cyrch}{\cyrchar\cyrn}{\cyrchar\cyro}-{\cyrchar\cyri}{\cyrchar\cyrs}{\cyrchar\cyrs}{\cyrchar\cyrl}{\cyrchar\cyre}{\cyrchar\cyrd}{\cyrchar\cyro}{\cyrchar\cyrv}{\cyrchar\cyra}{\cyrchar\cyrt}{\cyrchar\cyre}{\cyrchar\cyrl}{\cyrchar\cyrsftsn}{\cyrchar\cyrs}{\cyrchar\cyrk}{\cyrchar\cyri}{\cyrchar\cyrishrt} {\cyrchar\cyrp}{\cyrchar\cyro}{\cyrchar\cyrr}{\cyrchar\cyrt}{\cyrchar\cyra}{\cyrchar\cyrl} {\cyrchar\CYRU}{\cyrchar\cyrr}{\cyrchar\cyra}{\cyrchar\cyrl}{\cyrchar\cyrsftsn}{\cyrchar\cyrs}{\cyrchar\cyrk}{\cyrchar\cyro}{\cyrchar\cyrg}{\cyrchar\cyro} {\cyrchar\cyrf}{\cyrchar\cyre}{\cyrchar\cyrd}{\cyrchar\cyre}{\cyrchar\cyrr}{\cyrchar\cyra}{\cyrchar\cyrl}{\cyrchar\cyrsftsn}{\cyrchar\cyrn}{\cyrchar\cyro}{\cyrchar\cyrg}{\cyrchar\cyro} {\cyrchar\cyru}{\cyrchar\cyrn}{\cyrchar\cyri}{\cyrchar\cyrv}{\cyrchar\cyre}{\cyrchar\cyrr}{\cyrchar\cyrs}{\cyrchar\cyri}{\cyrchar\cyrt}{\cyrchar\cyre}{\cyrchar\cyrt}{\cyrchar\cyra}},
	pages = {020005-1--020005-7},
	year = {2020},
	month = {Nov},
	publisher = {American Institute of Physics Inc.},
	doi = {10.1063/5.0035636}
}
@article{bi:ccp:ru,
  keywords = {woscopus},
  title={Новый алгоритм построения кратчайшего пути обхода конечного множества непересекающихся контуров на плоскости},
  author={Петунин, А А and Полищук, Е Г and Уколов, С С},
  journal={Известия ЮФУ. Технические науки.},
  number={1},
  pages = {149--164},
  year={2021}
}
@misc{bi:DBS,
  author = {Уколов, Станислав Сергеевич and Кротов, Владимир Иванович},
  title = {Описание формата DBS},
  url = {https://github.com/ukoloff/dbs.js/wiki/DBS}
}
@misc{bi:dbs2json,
  author = {Уколов, Станислав Сергеевич},
  title = {Конвертеры открытых форматов для САПР <<Сириус>>},
  url={https://github.com/ukoloff/dbs.js},
}
@misc{bi:j2pcgtsp,
  author = {Уколов, Станислав Сергеевич},
  title = {Визуализация решения задачи PCGTSP},
  url={https://ukoloff.github.io/j2pcgtsp/},
}
@misc{bi:dbs-schema,
  author = {Уколов, Станислав Сергеевич and Ченцов, Павел Александрович},
  title = {JSON-схемы файлов, используемых в САПР <<Сириус>>},
  url={https://ukoloff.github.io/dbs.js/json-schema/},
}

@misc{bi:pcgtsp-bnb,
  author = {Уколов, Станислав Сергеевич and Хачай, Михаил Юрьевич},
  title = {Алгоритм ветвей и границ для обобщённой задачи коммивояжера с ограничениями предшествования},
  year = {2021},
  url = {https://github.com/ukoloff/PCGTSP-BnB}
}
@InProceedings{bi:pcgtsp2021,
  keywords = {woscopus},
	author = {Khachay, Michael and Ukolov, Stanislav and Petunin, Alexander},
  editor={Olenev, Nicholas and others},
	title = {{Problem-Specific Branch-and-Bound Algorithms for the Precedence Constrained Generalized Traveling Salesman Problem}},
  booktitle={Optimization and Applications},
  series={Lecture Notes in Computer Science},
  journal = {SpringerLink},
  year={2021},
  volume={13078},
  month = {Nov},
	publisher = {Springer Nature Switzerland AG},
  address = {Cham, Switzerland},
  pages = {136--148},
  isbn = {978-3-030-91058-7},
	doi = {10.1007/978-3-030-91059-4_10}
}
@inproceedings{bi:nc2020,
  title={Разработка инвариантного модуля генерации управляющих программ для машин лазерной резки. Вопросы интеграции с CAD/CAM системами},
  author={Таваева, А Ф and Шипачева, Е Н and Ченцов, П А and Петунин, А А and Уколов, С С and Халявка, А П},
  booktitle={Актуальные проблемы прикладной математики и механики},
  publisher={Институт математики и механики УрО РАН им. Н.Н. Красовского},
  pages={70--71},
  year={2020}
}
@inproceedings{bi:opt2020,
  title={Алгоритмы оптимальной маршрутизации для систем автоматизированного проектирования управляющих программ машин листовой резки с ЧПУ},
  author={Петунин, А А and Ченцов, П А and Полищук, Е Г and Уколов, С С and Мартынов, В В},
  booktitle={Актуальные проблемы прикладной математики и механики},
  publisher={Институт математики и механики УрО РАН им. Н.Н. Красовского},
  pages={58--59},
  year={2020}
}
@inproceedings{bi:XIV,
  title={Эффективная маршрутизация робота/беспилотного летательного аппарата в задачах с условиями предшествования},
  author={Петунин, А А and Хачай, М Ю and Уколов, С С},
  booktitle={XIV Всероссийская мультиконференция по проблемам управления (МКПУ-2021)},
  publisher={Издательство Южного федерального университета},
  isbn={978-5-9275-3846-1},
  volume={1},
  pages={202--205},
  year={2021}
}
@article{bi:sapr1999,
	author = {Петунин, А А and Кротов, В И and Уколов, С С and Видяпин, В В},
	title = {{САПР <<Сириус>> -- оптимизация раскроя и резки листовых материалов в единичном производстве}},
	journal = {САПР и графика},
	number = {10},
	pages = {42},
	year = {1999},
	month = {Oct},
	publisher = {КомпьютерПресс}
}
