@article{bi:01,
	author = {W{\ifmmode\ddot{a}\else\"{a}\fi}scher, Gerhard and Hau{\ss}ner, Heike and Schumann, Holger},
	title = {{An improved typology of cutting and packing problems}},
	journal = {European Journal of Operational Research},
	volume = {183},
	number = {3},
	pages = {1109--1130},
	year = {2007},
	month = {Dec},
	issn = {0377-2217},
	publisher = {North-Holland},
	doi = {10.1016/j.ejor.2005.12.047}
}
@book{bi:02,
	author = {Yang, Wei Bo and Zhao, Yan Wei and Jie, Jing and Wang, Wan Liang},
	title = {{An Effective Algorithm for Tool-Path Airtime Optimization during Leather Cutting}},
	journal = {Advanced Materials Research},
	volume = {102-104},
	year = {2010},
	issn = {1662-8985},
	isbn = {978-0-87849-278-7},
	publisher = {Trans Tech Publications Ltd},
	doi = {10.4028/www.scientific.net/AMR.102-104.373}
}
@incollection{bi:03,
	author = {Tavaeva, Anastasia and Petunin, Alexander and Ukolov, Stanislav and Krotov, Vladimir},
	title = {{A Cost Minimizing at Laser Cutting of Sheet Parts on CNC Machines}},
	booktitle = {{Mathematical Optimization Theory and Operations Research}},
	journal = {SpringerLink},
	pages = {422--437},
	year = {2019},
	month = {Oct},
	isbn = {978-3-030-33393-5},
	publisher = {Springer},
	address = {Cham, Switzerland},
	doi = {10.1007/978-3-030-33394-2\_33}
}
@incollection{bi:04,
	author = {Tavaeva, A. F. and Petunin, A. A. and Polishchuk, E. G.},
	title = {{Methods of Cutting Cost Minimizing in Problem of Tool Route Optimization for CNC Laser Machines}},
	booktitle = {{Proceedings of the 5th International Conference on Industrial Engineering (ICIE 2019)}},
	journal = {SpringerLink},
	pages = {447--455},
	year = {2019},
	month = {Nov},
	isbn = {978-3-030-22062-4},
	publisher = {Springer},
	address = {Cham, Switzerland},
	doi = {10.1007/978-3-030-22063-1\_48}
}
@article{bi:05,
	author = {Petunin, Alexander},
	title = {{General Model of Tool Path Problem for the CNC Sheet Cutting Machines}},
	journal = {IFAC-PapersOnLine},
	volume = {52},
	number = {13},
	pages = {2662--2667},
	year = {2019},
	month = {Jan},
	issn = {2405-8963},
	publisher = {Elsevier},
	doi = {10.1016/j.ifacol.2019.11.609}
}
@article{bi:06,
	author = {Petunin, A. A. and Polishuk, E. G. and Chentsov, A. G. and Chentsov, P. A. and Ukolov, S. S.},
	title = {{About some types of constraints in problems of routing}},
	journal = {AIP Conference Proceedings},
	volume = {1789},
	number = {1},
	pages = {060002},
	year = {2016},
	month = {Dec},
	issn = {0094-243X},
	publisher = {American Institute of Physics},
	doi = {10.1063/1.4968494}
}
@article{bi:07,
	author = {Chentsov, Alexander G. and Chentsov, Pavel A. and Petunin, Alexander A. and Sesekin, Alexander N.},
	title = {{Model of megalopolises in the tool path optimisation for CNC plate cutting machines}},
	journal = {International Journal of Production Research},
	volume = {56},
	number = {14},
	pages = {4819--4830},
	year = {2018},
	month = {Jul},
	issn = {0020-7543},
	publisher = {Taylor {\&} Francis},
	doi = {10.1080/00207543.2017.1421784}
}
@article{bi:08,
	author = {Verkhoturov, Mikhail and Petunin, Alexander and Verkhoturova, Galina and Danilov, Konstantin and Kurennov, Dmitry},
	title = {{The 3D Object Packing Problem into a Parallelepiped Container Based on Discrete-Logical Representation}},
	journal = {IFAC-PapersOnLine},
	volume = {49},
	number = {12},
	pages = {1--5},
	year = {2016},
	month = {Jan},
	issn = {2405-8963},
	publisher = {Elsevier},
	doi = {10.1016/j.ifacol.2016.07.540}
}
@article{bi:09,
	author = {Verkhoturov, Mikhail},
	title = {{The two-dimensional irregular cutting stock problem: optimization allocation and path of cutting instrument }},
	journal = {Vestnik USATU},
	volume = {9},
	number = {2},
	pages = {106--118},
	year = {2007},
}
@article{bix:01x,
	author = {Petunin, Alexander A. and Stylios, Chrysostomos},
	title = {{Optimization Models of Tool Path Problem for CNC Sheet Metal Cutting Machines}},
	journal = {IFAC-PapersOnLine},
	volume = {49},
	number = {12},
	pages = {23--28},
	year = {2016},
	month = {Jan},
	issn = {2405-8963},
	publisher = {Elsevier},
	doi = {10.1016/j.ifacol.2016.07.544}
}
@article{bix:26,
	author = {Mejia, Daniel and Moreno, Aitor and Arbelaiz, Ander and Posada, Jorge and Ruiz-Salguero, Oscar and Chopitea, Ra{\ifmmode\acute{u}\else\'{u}\fi}l},
	title = {{Accelerated Thermal Simulation for Three-Dimensional Interactive Optimization of Computer Numeric Control Sheet Metal Laser Cutting}},
	journal = {Journal of Manufacturing Science and Engineering},
	volume = {140},
	number = {3},
	year = {2018},
	month = {Mar},
	issn = {1087-1357},
	publisher = {American Society of Mechanical Engineers Digital Collection},
	doi = {10.1115/1.4038207}
}
@article{bix:27,
	author = {Petunin, Aleksandr A. and Polyshuk, Efim G. and Chentsov, Pavel A. and Ukolov, Stanislav S. and Krotov, Vladimir I.},
	title = {{The termal deformation reducing in sheet metal at manufacturing parts by CNC cutting machines}},
	journal = {IOP Conference Series: Materials Science and Engineering},
	volume = {613},
	number = {1},
	pages = {012041},
	year = {2019},
	month = {Oct},
	issn = {1757-8981},
	publisher = {IOP Publishing},
	doi = {10.1088/1757-899x/613/1/012041}
}
@inproceedings{bix:28,
  title={Digital twin of the process of thermal cutting of flat material into figured parts},
  author={Verkhoturov, MA and Verkhoturova, GN and Zaripov, DR and Kondratyeva, NV and Valeev, SS},
  booktitle={CEUR Workshop Proceedings},
  pages={209--219},
  year={2021}
}
@article{bix:29,
	author = {Hajad, Makbul and Tangwarodomnukun, Viboon and Jaturanonda, Chorkaew and Dumkum, Chaiya},
	title = {{Laser cutting path optimization using simulated annealing with an adaptive large neighborhood search}},
	journal = {International Journal of Advanced Manufacturing Technology},
	volume = {103},
	number = {1},
	pages = {781--792},
	year = {2019},
	month = {Jul},
	issn = {1433-3015},
	publisher = {Springer London},
	doi = {10.1007/s00170-019-03569-6}
}
@article{bix:30,
	author = {Balamurali, M. and Jawahar, N. and Balaji, S. and Manichandran, T.},
	title = {{Realization of effective laser blanking process by heat zone spread resistance coating and optimization methods}},
	journal = {Materials Research Express},
	volume = {6},
	number = {4},
	pages = {046416},
	year = {2019},
	month = {Jan},
	issn = {2053-1591},
	publisher = {IOP Publishing},
	doi = {10.1088/2053-1591/aafc01}
}
@book{bix:12,
	author = {Dewil, Reginald and Vansteenwegen, Pieter and Cattrysse, Dirk},
	title = {{Sheet Metal Laser Cutting Tool Path Generation: Dealing with Overlooked Problem Aspects}},
	journal = {Key Engineering Materials},
	volume = {639},
	year = {2015},
	issn = {1662-9795},
	isbn = {978-3-03835-450-5},
	publisher = {Trans Tech Publications Ltd},
	doi = {10.4028/www.scientific.net/KEM.639.517}
}
@book{biz:07,
  author    = {},
  editor    = {Gutin, Gregory and Abraham P. Punnen},
  title     = {The traveling salesman problem and its variations},
  isbn      = {978-0-387-44459-8},
  publisher = {Springer Science \& Business Media.},
  year    = {2006},
}
@article{biz:17,
	author = {Dewil, Reginald and Vansteenwegen, Pieter and Cattrysse, Dirk},
	title = {{A review of cutting path algorithms for laser cutters}},
	journal = {International Journal of Advanced Manufacturing Technology},
	volume = {87},
	number = {5},
	pages = {1865--1884},
	year = {2016},
	month = {Nov},
	issn = {1433-3015},
	publisher = {Springer London},
	doi = {10.1007/s00170-016-8609-1}
}
@article{biz:20,
author = {Sonawane, Shreeyash and Patil, Pallavi and Bharsakade, Ramkrishna and Gaigole, Pankaj},
year = {2020},
month = {01},
pages = {01037},
title = {Optimizing Tool Path Sequence Of Plasma Cutting Machine Using TSP Approach},
volume = {184},
journal = {E3S Web of Conferences},
doi = {10.1051/e3sconf/202018401037}
}
@incollection{biz:31,
	author = {Lagerkvist, Mikael Z. and Nordkvist, Martin and Rattfeldt, Magnus},
	title = {{Laser Cutting Path Planning Using CP}},
	booktitle = {{Principles and Practice of Constraint Programming}},
	journal = {SpringerLink},
	pages = {790--804},
	year = {2013},
	month = {Sep},
	isbn = {978-3-642-40626-3},
	publisher = {Springer},
	address = {Berlin, Germany},
	doi = {10.1007/978-3-642-40627-0\_58}
}
@article{biz:19,
  title={Real-time monitoring of fiber laser cutting of thick plates by means of photodiodes},
  author={Nikita Levichev and Gon√ßalo Costa Rodrigues and Joost R. Duflou},
  journal={Procedia CIRP},
  year={2020},
  volume={94},
  pages={499-504}
}
