@book{bi:12,
	author = {Dewil, Reginald and Vansteenwegen, Pieter and Cattrysse, Dirk},
	title = {{Sheet Metal Laser Cutting Tool Path Generation: Dealing with Overlooked Problem Aspects}},
	journal = {Key Engineering Materials},
	volume = {639},
	year = {2015},
	issn = {1662-9795},
	isbn = {978-3-03835-450-5},
	publisher = {Trans Tech Publications Ltd},
	doi = {10.4028/www.scientific.net/KEM.639.517}
}
@article{bi:13,
	author = {Dowsland, Kathryn A. and Dowsland, William B.},
	title = {{Solution approaches to irregular nesting problems}},
	journal = {European Journal of Operational Research},
	volume = {84},
	number = {3},
	pages = {506--521},
	year = {1995},
	month = {Aug},
	issn = {0377-2217},
	publisher = {North-Holland},
	doi = {10.1016/0377-2217(95)00019-M}
}
@article{bi:22,
	author = {Dewil, Reginald and Vansteenwegen, Pieter and Cattrysse, Dirk},
	title = {{A review of cutting path algorithms for laser cutters}},
	journal = {International Journal of Advanced Manufacturing Technology},
	volume = {87},
	number = {5},
	pages = {1865--1884},
	year = {2016},
	month = {Nov},
	issn = {1433-3015},
	publisher = {Springer London},
	doi = {10.1007/s00170-016-8609-1}
}
@article{bi:23,
	author = {Dewil, Reginald and Vansteenwegen, Pieter and Cattrysse, Dirk and Laguna, Manuel and Vossen, Thomas},
	title = {{An improvement heuristic framework for the laser cutting tool path problem}},
	journal = {International Journal of Production Research},
	volume = {53},
	number = {6},
	pages = {1761--1776},
	year = {2015},
	month = {Mar},
	issn = {0020-7543},
	publisher = {Taylor {\&} Francis},
	doi = {10.1080/00207543.2014.959268}
}
@article{bi:25,
	author = {Petunin, Alexander},
	title = {{General Model of Tool Path Problem for the CNC Sheet Cutting Machines}},
	journal = {IFAC-PapersOnLine},
	volume = {52},
	number = {13},
	pages = {2662--2667},
	year = {2019},
	month = {Jan},
	issn = {2405-8963},
	publisher = {Elsevier},
	doi = {10.1016/j.ifacol.2019.11.609}
}
@article{bi:26,
	author = {Chentsov, Alexander G. and Chentsov, Pavel A. and Petunin, Alexander A. and Sesekin, Alexander N.},
	title = {{Model of megalopolises in the tool path optimisation for CNC plate cutting machines}},
	journal = {International Journal of Production Research},
	volume = {56},
	number = {14},
	pages = {4819--4830},
	year = {2018},
	month = {Jul},
	issn = {0020-7543},
	publisher = {Taylor {\&} Francis},
	doi = {10.1080/00207543.2017.1421784}
}
@incollection{bi:27,
	author = {Khachay, Michael and Kudriavtsev, Andrei and Petunin, Alexander},
	title = {{PCGLNS: A Heuristic Solver for the Precedence Constrained Generalized Traveling Salesman Problem}},
	booktitle = {{Optimization and Applications}},
	journal = {SpringerLink},
	pages = {196--208},
	year = {2020},
	month = {Nov},
	isbn = {978-3-030-62866-6},
	publisher = {Springer},
	address = {Cham, Switzerland},
	doi = {10.1007/978-3-030-62867-3\_15}
}
@incollection{bi:28,
	author = {Khachay, Michael and Ukolov, Stanislav and Petunin, Alexander},
	title = {{Problem-Specific Branch-and-Bound Algorithms for the Precedence Constrained Generalized Traveling Salesman Problem}},
	booktitle = {{Optimization and Applications}},
	journal = {SpringerLink},
	pages = {136--148},
	year = {2021},
	month = {Nov},
	isbn = {978-3-030-91058-7},
	publisher = {Springer},
	address = {Cham, Switzerland},
	doi = {10.1007/978-3-030-91059-4\_10}
}
@misc{bi:16,
  title={Cutting and Packing.},
  author={Alvarez-Vald{\'e}s, Ram{\'o}n and Carravilla, Maria Ant{\'o}nia and Oliveira, Jos{\'e} Fernando},
	publisher = {Springer},
  year={2018},
  pages={931--977},
  doi={10.1007/978-3-319-07153-4\_43-1}
}
@article{bi:salman,
	author = {Salman, Raad and Ekstedt, Fredrik and Damaschke, Peter},
	title = {{Branch-and-bound for the Precedence Constrained Generalized Traveling Salesman Problem}},
	journal = {Operations Research Letters},
	volume = {48},
	number = {2},
	pages = {163--166},
	year = {2020},
	month = {Mar},
	issn = {0167-6377},
	publisher = {North-Holland},
	doi = {10.1016/j.orl.2020.01.009}
}
@incollection{bi:lib,
	author = {Petunin, Alexander and Khalyavka, Alexander and Khachay, Michael and Kudriavtsev, Andrei and Chentsov, Pavel and Polishchuk, Efim and Ukolov, Stanislav},
	title = {{Library of Sample Image Instances for the Cutting Path Problem}},
	booktitle = {{Pattern Recognition. ICPR International Workshops and Challenges}},
	journal = {SpringerLink},
	pages = {227--233},
	year = {2021},
	month = {Feb},
	isbn = {978-3-030-68820-2},
	publisher = {Springer},
	address = {Cham, Switzerland},
	doi = {10.1007/978-3-030-68821-9\_21}
}
